3025 4725
774 250 986 306 „72-

615 398 676 459 Sed
698 398 771 458 data
792 399 847 458 fuit
869 398 968 477 opci0,

615 512 649 563 vt
670 501 726 562 sibi
745 502 775 562 in
798 503 940 582 coniugio

614 608 722 680 virum,
744 627 834 686 quem
857 608 929 670 velit
951 609 1050 689 eligat,

613 710 646 772 in
668 730 729 791 quo
750 713 807 774 sibi
830 716 1033 793 complaceat«

551 845 600 885 139⁵
614 816 734 882 Exinde
754 819 981 897 diligentissime

613 934 714 984 mente
736 923 817 1003 cepit
839 911 1019 1000 rennuere

613 1028 661 1090 cui
682 1029 813 1092 dabatur
835 1029 932 1110 copia,

609 1153 649 1194 ne
669 1146 787 1195 arcetur
808 1135 920 1214 inopia,

611 1239 685 1298 dum
704 1241 800 1301 cernit
820 1241 901 1300 hunc
921 1243 1118 1318 spectabilem

548 1370 600 1408 ¹40⁰
613 1354 716 1404 tamen
739 1343 847 1405 virtute
868 1346 1007 1408 debilem.

611 1450 697 1509 Alter
717 1461 764 1510 est
784 1449 941 1530 potencior

608 1555 705 1615 forma
724 1556 815 1632 longe
837 1555 967 1629 inferior,

609 1659 655 1719 sic
675 1659 806 1737 ignorat,
828 1660 902 1737 quid
923 1660 1014 1739 eligat

566 1826 568 1831 ,
610 1766 665 1825 sed
685 1784 765 1844 vaga
787 1775 888 1828 mente
908 1767 1039 1844 fluctuat.

547 1894 596 1934 ιφ,
610 1870 751 1929 Tandem
774 1868 906 1949 cupitam
927 1872 1028 1949 sepius

607 1976 737 2035 sormam
760 1977 889 2036 revolvit
910 1978 1037 2054 animus,

608 2100 667 2142 nec
689 2082 763 2142 dato
783 2092 830 2143 est
851 2082 964 2146 obliuio

609 2187 649 2247 de
668 2188 792 2250 dilecto
801 2187 950 2269 gregorio.

605 2293 698 2353 Hunc
718 2293 809 2373 elegit
832 2312 885 2372 pre
907 2293 1056 2368 omnibus,
1120 2331 1124 2340 =

540 2426 592 2465 1410
605 2400 660 2459 sed
681 2400 854 2477 congaudet
875 2397 1024 2476 dyabolus

602 2502 780 2566 enormitate
803 2504 944 2577 criminis,
987 2551 994 2565 .
1065 2578 1070 2589 ι

605 2610 658 2686 qui
678 2609 827 2689 perplexis
849 2609 992 2673 testiculis
1062 2604 1075 2643 '·
1107 2626 1112 2661 ε

606 2713 719 2775 crimen
742 2726 869 2793 peccato
892 2716 1032 2785 cumulat,

521 2799 523 2801 ⁵
603 2830 636 2878 ut
658 2819 751 2880 alcius
774 2821 947 2891 absorbeat,

540 2950 590 2988 1⁴1⁵
604 2942 681 3003 quos
703 2924 842 2988 incautos
864 2935 1057 3004 perspexerat

603 3029 658 3092 sed
679 3031 803 3092 tandem
823 3033 896 3095 deus
916 3030 1024 3103 liberat
1049 3025 1053 3040 '

600 3135 657 3196 hos
679 3149 811 3207 errantes
831 3137 984 3217 propicius

601 3239 680 3301 senis
702 3241 837 3303 contritis
859 3243 1003 3305 saucibus.

663 3386 1052 3505 Capitulumiiifflss.

601 3559 730 3730 post
751 3665 817 3739 hoc,
840 3677 872 3726 vt
894 3677 1083 3742 exposuerat,

537 3795 588 3833 1420
605 3767 673 3844 quis
695 3768 736 3828 illi
758 3770 855 3848 magis
877 3771 1002 3848 placeat,

605 3873 774 3935 declaratur
794 3876 835 3939 ab
857 3875 999 3937 omnibus

602 3976 633 4037 in
656 3977 824 4057 principem
845 3979 1007 4058 gregorius.
1057 4024 1062 4033 ,

603 4084 669 4144 Nec
690 4084 851 4146 videbatur
870 4084 977 4147 melior

602 4199 654 4249 aut
676 4189 784 4251 virtute
807 4188 964 4267 potencior
