3025 4725
107 1303 263 1382 ¹Incipit
289 1302 472 1381 prefacio
499 1301 536 1361 in
565 1311 674 1379 gesta
695 1300 868 1379 gregorii
890 1301 1113 1379 peccatoris
1135 1303 1182 1365 ad

112 1406 384 1487 penitenciam
416 1405 679 1467 conuersi.et
710 1406 755 1467 ad
788 1417 970 1485 papatum
999 1407 1180 1485 promoti.

168 1573 377 1736 ¹&Lorium
410 1657 538 1739 principi
571 1656 697 1720 domino
730 1659 880 1721 wilhelmo
913 1661 952 1720 de
982 1662 1180 1726 lunenburch.

112 1761 289 1846 A[rnoldus]
317 1764 367 1827 dei
395 1763 496 1845 gracia
517 1763 612 1824 abbas
640 1764 678 1826 de
701 1775 809 1826 sancto
836 1764 969 1826 iohanne
992 1765 1025 1825 in
1049 1768 1182 1845 lyubeka

112 1871 288 1933 oracionurn
306 1888 428 1930 suarum
442 1868 632 1928 instanciam.
677 1869 763 1948 Opus
784 1869 877 1947 quod
904 1869 992 1931 nobis
1012 1858 1193 1956 iniussi*

111 1977 149 2037 de
165 1975 319 2036 teutonico
333 1959 492 2035 transferre
506 1972 537 2032 in
546 1971 673 2033 latinum
684 1972 772 2035 nobis
783 1973 854 2034 satis
865 1985 910 2035 est
921 1973 1099 2038 onerosum.
1111 1976 1182 2055 quis

96 2065 199 2142 'vsum
218 2078 340 2159 legendi
361 2077 432 2139 talia
453 2097 517 2138 non
546 2078 692 2139 habemus
709 2125 715 2139 .
732 2088 763 2140 et
790 2080 918 2139 modum
946 2080 1109 2142 locucionis
1137 2082 1181 2142 in

111 2185 266 2265 cognitum
277 2181 485 2245 formidamus.
514 2183 574 2243 Sed
588 2182 657 2261 quia
671 2182 703 2244 id
718 2193 819 2244 vestra
829 2183 927 2261 poscit
936 2183 1084 2246 instancia
1098 2233 1104 2245 .
1116 2205 1181 2247 non

112 2288 278 2352 temeritate
314 2288 368 2349 sed
405 2286 527 2350 caritate
559 2288 648 2350 nobis
683 2289 880 2351 iniunctum.
907 2289 972 2377 deo
999 2302 1181 2370 cooperante

112 2405 290 2473 attemptare
312 2392 508 2471 prohabimus
521 2438 528 2452 .
540 2410 598 2452 nec
621 2393 715 2452 verbo
731 2396 859 2455 verbum
876 2397 1043 2456 seeundum
1051 2408 1181 2475 poetam

111 2502 246 2560 curabo.
264 2495 391 2559 reddere
406 2499 484 2558 fidus
499 2497 645 2574 interpres
662 2542 668 2556 .
685 2498 739 2558 sed
760 2498 926 2575 hystoriam
948 2518 1077 2578 sequens
1096 2503 1181 2579 quod

111 2624 148 2665 ex
179 2602 329 2666 relacione
357 2602 489 2665 veridica
519 2601 651 2662 intellexi
682 2603 724 2664 ad
751 2603 978 2666 edificacionem
1005 2605 1180 2668 auditorum

110 2710 279 2788 propulabo
297 2754 303 2768 .
319 2718 350 2769 et
371 2727 418 2769 res
440 2707 549 2785 siqua
570 2706 645 2766 mihi
667 2708 786 2769 mistica
808 2710 901 2771 corde
922 2710 1018 2771 datur.

260 2925 413 3005 Incipit
434 2929 624 3004 prologus
646 2927 856 3005 sequentis
878 2929 1021 3007 operis.

169 3061 318 3228 JGitur
346 3162 385 3221 de
412 3160 622 3239 peccatoribus
645 3160 774 3222 locuturi
800 3161 971 3224 inmensam
994 3170 1029 3224 ‘et
1050 3166 1179 3226 admira-

109 3266 202 3328 bilem
228 3264 282 3327 *dei
309 3266 453 3344 pietatem
478 3267 669 3328 attendamus
693 3312 699 3325 .
722 3267 805 3327 vnde
833 3268 997 3345 psalmista.
1047 3270 1179 3332 Domine

111 3371 251 3432 dominus
272 3381 374 3432 noster
394 3390 487 3449 quam
510 3370 686 3433 admirabile
700 3382 746 3432 est
760 3390 875 3432 nomen
890 3383 975 3434 tuum
989 3372 1020 3433 in
1037 3374 1178 3436 vniuer'sa

110 3488 198 3537 terra
235 3475 425 3536 Admirabile
445 3475 515 3536 dico
537 3476 734 3537 miseracione
755 3487 786 3536 et
807 3476 1012 3539 misericordia
1031 3480 1084 3558 qui
1104 3500 1178 3558 sepe

108 3581 191 3659 ipsos
211 3599 289 3659 quos
311 3582 352 3641 ad
367 3579 460 3640 vitam
480 3579 695 3658 predestinauit
716 3625 725 3642 .
748 3580 892 3643 inmensis
914 3583 1076 3644 sceleribus
1092 3585 1177 3661 inpli-

43 3692 50 3715 ⁸
109 3686 169 3746 cari
197 3684 341 3764 permittit
365 3697 421 3746 ‚vt
449 3686 597 3763 inpleatur
623 3685 698 3744 illud
728 3685 858 3763 apostoli
882 3731 889 3746 .
912 3686 964 3746 nbi
990 3689 1178 3749 habundauit

109 3802 267 3867 peccatum
284 3837 292 3852 .
308 3789 587 3869 superhabundant
601 3801 632 3849 et
645 3789 755 3868 gracia
788 3792 859 3868 Ipse
880 3791 962 3851 enim
982 3793 1043 3852 hoc
1056 3792 1087 3852 in
1101 3804 1177 3853 ‘tem-

109 3914 183 3972 pore
212 3895 467 3975 ornnipotenciam
493 3914 579 3956 suam
608 3896 764 3973 parcendo
793 3895 924 3957 maxime
947 3906 982 3957 et
1004 3896 1176 3959 miserando

110 4000 282 4062 manifestor
298 4047 305 4061 .
322 4012 356 4061 vt
377 4001 519 4062 seductor
539 4000 688 4078 malignus
709 4000 763 4077 qui
777 4019 810 4062 se
826 4001 922 4062 credit
936 4001 1152 4062 circumuenire
1169 4048 1175 4062 .

107 4105 357 4167 circumueniatnr
373 4153 379 4166 .
398 4115 428 4166 et
451 4125 542 4185 quern
564 4106 625 4166 iam
647 4106 865 4170 absorbuerat.
881 4106 920 4165 de
941 4108 1092 4182 perforata
1112 4104 1176 4166 eius

107 4211 230 4273 maxilla
251 4209 392 4271 diuinitus
412 4210 544 4288 rapiatur
565 4212 696 4272 Cessant
716 4209 855 4287 nequicie
871 4255 877 4270 .
893 4209 936 4270 sic
958 4228 1006 4270 ars
1028 4207 1177 4270 deluditur
1274 4243 1278 4250 ·

158 4335 179 4361 v.
190 4318 352 4361 Buchwald·
370 4317 557 4362 ArnoldiLubec.
573 4317 703 4370 Gregorius.
995 4322 1005 4358 1
