<?xml version="1.0" encoding="UTF-8"?>
<!DOCTYPE html PUBLIC "-//W3C//DTD XHTML 1.0 Transitional//EN"
    "http://www.w3.org/TR/xhtml1/DTD/xhtml1-transitional.dtd">
<html xmlns="http://www.w3.org/1999/xhtml" xml:lang="en" lang="en">
 <head>
  <title>
</title>
<meta http-equiv="Content-Type" content="text/html;charset=utf-8" />
  <meta name='ocr-system' content='tesseract 3.04.00' />
  <meta name='ocr-capabilities' content='ocr_page ocr_carea ocr_par ocr_line ocrx_word'/>
</head>
<body>
  <div class='ocr_page' id='page_1' title='image "arnoldilubecens01buchgoog_0145.png"; bbox 0 0 3025 4725; ppageno 0'>
   <div class='ocr_carea' id='block_1_1' title="bbox 489 448 897 526">
    <p class='ocr_par' dir='ltr' id='par_1_1' title="bbox 489 448 897 526">
     <span class='ocr_line' id='line_1_1' title="bbox 489 448 897 526; baseline 0.002 -17"><span class='ocrx_word' id='word_1_1' title='bbox 489 448 721 526; x_wconf 71' lang='lat' dir='ltr'><strong>Capitulum</strong></span> <span class='ocrx_word' id='word_1_2' title='bbox 747 451 861 509; x_wconf 90' lang='lat' dir='ltr'>XXIII.</span> <span class='ocrx_word' id='word_1_3' title='bbox 893 493 897 496; x_wconf 94' lang='lat'>-</span> 
     </span>
    </p>
   </div>
   <div class='ocr_carea' id='block_1_2' title="bbox 358 586 972 4214">
    <p class='ocr_par' dir='ltr' id='par_1_2' title="bbox 358 586 972 4214">
     <span class='ocr_line' id='line_1_2' title="bbox 410 586 923 753; baseline 0.01 -21"><span class='ocrx_word' id='word_1_4' title='bbox 410 586 546 753; x_wconf 69' lang='lat' dir='ltr'><strong>Dlxit</strong></span> <span class='ocrx_word' id='word_1_5' title='bbox 566 686 596 735; x_wconf 83' lang='lat' dir='ltr'><strong>er</strong></span> <span class='ocrx_word' id='word_1_6' title='bbox 613 675 655 735; x_wconf 77' lang='lat' dir='ltr'><strong>ire</strong></span> <span class='ocrx_word' id='word_1_7' title='bbox 677 675 798 748; x_wconf 58' lang='lat' dir='ltr'><strong>voluit„</strong></span> <span class='ocrx_word' id='word_1_8' title='bbox 889 659 923 678; x_wconf 57' lang='lat'><strong><em>⁸</em></strong></span> 
     </span>
     <span class='ocr_line' id='line_1_3' title="bbox 410 780 972 858; baseline 0.004 -18"><span class='ocrx_word' id='word_1_9' title='bbox 410 780 516 858; x_wconf 89' lang='lat' dir='ltr'><strong>quise</strong></span> <span class='ocrx_word' id='word_1_10' title='bbox 539 781 694 841; x_wconf 84' lang='lat' dir='ltr'><strong>detentum</strong></span> <span class='ocrx_word' id='word_1_11' title='bbox 719 782 814 842; x_wconf 77' lang='lat' dir='ltr'><strong>doluit</strong></span> <span class='ocrx_word' id='word_1_12' title='bbox 864 791 866 796; x_wconf 85' lang='lat'>&#39;</span> <span class='ocrx_word' id='word_1_13' title='bbox 971 780 972 783; x_wconf 64' lang='grc'>’</span> 
     </span>
     <span class='ocr_line' id='line_1_4' title="bbox 358 882 838 962; baseline 0.008 -19"><span class='ocrx_word' id='word_1_14' title='bbox 358 902 397 952; x_wconf 74' lang='lat'><strong>8⁷⁵</strong></span> <span class='ocrx_word' id='word_1_15' title='bbox 411 896 475 945; x_wconf 88' lang='lat' dir='ltr'><strong>tam</strong></span> <span class='ocrx_word' id='word_1_16' title='bbox 497 882 618 962; x_wconf 84' lang='lat' dir='ltr'>prolixis</span> <span class='ocrx_word' id='word_1_17' title='bbox 641 885 838 958; x_wconf 81' lang='lat' dir='ltr'><strong>sermonibus,</strong></span> 
     </span>
     <span class='ocr_line' id='line_1_5' title="bbox 413 988 759 1050; baseline 0.006 -2"><span class='ocrx_word' id='word_1_18' title='bbox 413 1007 528 1049; x_wconf 87' lang='lat' dir='ltr'><strong>rursum</strong></span> <span class='ocrx_word' id='word_1_19' title='bbox 552 1008 570 1048; x_wconf 82' lang='lat' dir='ltr'>a</span> <span class='ocrx_word' id='word_1_20' title='bbox 592 988 759 1050; x_wconf 85' lang='lat' dir='ltr'><strong>senioribus</strong></span> 
     </span>
     <span class='ocr_line' id='line_1_6' title="bbox 412 1073 925 1173; baseline 0.006 -20"><span class='ocrx_word' id='word_1_21' title='bbox 412 1073 590 1153; x_wconf 76' lang='lat' dir='ltr'><strong>iuramentis</strong></span> <span class='ocrx_word' id='word_1_22' title='bbox 610 1094 823 1173; x_wconf 76' lang='lat' dir='ltr'><strong>constringitur</strong></span> <span class='ocrx_word' id='word_1_23' title='bbox 923 1103 925 1110; x_wconf 83' lang='grc'><strong>“</strong></span> 
     </span>
     <span class='ocr_line' id='line_1_7' title="bbox 411 1199 901 1277; baseline 0.008 -19"><span class='ocrx_word' id='word_1_24' title='bbox 411 1210 441 1259; x_wconf 92' lang='lat' dir='ltr'><strong>et</strong></span> <span class='ocrx_word' id='word_1_25' title='bbox 463 1218 586 1259; x_wconf 85' lang='lat' dir='ltr'><strong>manere</strong></span> <span class='ocrx_word' id='word_1_26' title='bbox 608 1199 804 1277; x_wconf 80' lang='lat' dir='ltr'><strong>compellitur,</strong></span> <span class='ocrx_word' id='word_1_27' title='bbox 896 1229 901 1238; x_wconf 53' lang='lat'>³</span> 
     </span>
     <span class='ocr_line' id='line_1_8' title="bbox 411 1302 740 1380; baseline -0.003 -17"><span class='ocrx_word' id='word_1_28' title='bbox 411 1314 444 1363; x_wconf 92' lang='lat' dir='ltr'><strong>vt</strong></span> <span class='ocrx_word' id='word_1_29' title='bbox 466 1302 564 1364; x_wconf 89' lang='lat' dir='ltr'><strong>verius</strong></span> <span class='ocrx_word' id='word_1_30' title='bbox 585 1303 740 1380; x_wconf 85' lang='lat' dir='ltr'><strong>intelligat,</strong></span> 
     </span>
     <span class='ocr_line' id='line_1_9' title="bbox 358 1408 795 1486; baseline 0.011 -22"><span class='ocrx_word' id='word_1_31' title='bbox 358 1424 399 1465; x_wconf 78' lang='lat' dir='ltr'><strong>sso</strong></span> <span class='ocrx_word' id='word_1_32' title='bbox 413 1427 472 1484; x_wconf 91' lang='lat' dir='ltr'><strong>que</strong></span> <span class='ocrx_word' id='word_1_33' title='bbox 495 1410 534 1468; x_wconf 85' lang='lat' dir='ltr'><strong>ab</strong></span> <span class='ocrx_word' id='word_1_34' title='bbox 556 1408 629 1486; x_wconf 90' lang='lat' dir='ltr'><strong>ipsis</strong></span> <span class='ocrx_word' id='word_1_35' title='bbox 652 1409 795 1469; x_wconf 82' lang='lat' dir='ltr'><strong>audierat.</strong></span> 
     </span>
     <span class='ocr_line' id='line_1_10' title="bbox 414 1513 786 1591; baseline 0.003 -18"><span class='ocrx_word' id='word_1_36' title='bbox 414 1513 591 1575; x_wconf 80' lang='lat' dir='ltr'><strong>Offerebam</strong></span> <span class='ocrx_word' id='word_1_37' title='bbox 611 1534 643 1575; x_wconf 92' lang='lat' dir='ltr'><strong>se</strong></span> <span class='ocrx_word' id='word_1_38' title='bbox 665 1514 786 1591; x_wconf 83' lang='lat' dir='ltr'><strong>pariter,</strong></span> 
     </span>
     <span class='ocr_line' id='line_1_11' title="bbox 413 1617 732 1680; baseline 0.009 -4"><span class='ocrx_word' id='word_1_39' title='bbox 413 1617 454 1678; x_wconf 91' lang='lat' dir='ltr'><strong>illi</strong></span> <span class='ocrx_word' id='word_1_40' title='bbox 476 1618 732 1680; x_wconf 79' lang='lat' dir='ltr'><strong>sacramentaliter</strong></span> 
     </span>
     <span class='ocr_line' id='line_1_12' title="bbox 417 1723 810 1802; baseline -0.003 -18"><span class='ocrx_word' id='word_1_41' title='bbox 417 1735 560 1796; x_wconf 80' lang='lat' dir='ltr'>astruere,</span> <span class='ocrx_word' id='word_1_42' title='bbox 582 1743 642 1802; x_wconf 84' lang='lat' dir='ltr'><strong>que</strong></span> <span class='ocrx_word' id='word_1_43' title='bbox 664 1723 810 1797; x_wconf 83' lang='lat' dir='ltr'>dixerant,</span> 
     </span>
     <span class='ocr_line' id='line_1_13' title="bbox 413 1827 784 1901; baseline 0.008 -15"><span class='ocrx_word' id='word_1_44' title='bbox 413 1827 496 1887; x_wconf 67' lang='lat' dir='ltr'><strong>vt‘ei</strong></span> <span class='ocrx_word' id='word_1_45' title='bbox 517 1830 611 1890; x_wconf 85' lang='lat' dir='ltr'><strong>fidem</strong></span> <span class='ocrx_word' id='word_1_46' title='bbox 633 1830 753 1901; x_wconf 84' lang='lat' dir='ltr'><strong>faciant,</strong></span> <span class='ocrx_word' id='word_1_47' title='bbox 778 1859 784 1862; x_wconf 96' lang='lat'>·</span> 
     </span>
     <span class='ocr_line' id='line_1_14' title="bbox 359 1934 835 2012; baseline 0.017 -25"><span class='ocrx_word' id='word_1_48' title='bbox 359 1945 398 1996; x_wconf 77' lang='lat' dir='ltr'><strong>ess</strong></span> <span class='ocrx_word' id='word_1_49' title='bbox 413 1935 498 2009; x_wconf 89' lang='lat' dir='ltr'>quod</span> <span class='ocrx_word' id='word_1_50' title='bbox 519 1935 604 2012; x_wconf 90' lang='lat' dir='ltr'><strong>ipsos</strong></span> <span class='ocrx_word' id='word_1_51' title='bbox 627 1936 701 1995; x_wconf 88' lang='lat' dir='ltr'><strong>deus</strong></span> <span class='ocrx_word' id='word_1_52' title='bbox 724 1934 835 1995; x_wconf 80' lang='lat' dir='ltr'><strong>miserit</strong></span> 
     </span>
     <span class='ocr_line' id='line_1_15' title="bbox 413 2037 869 2101; baseline 0.011 -5"><span class='ocrx_word' id='word_1_53' title='bbox 413 2047 443 2096; x_wconf 92' lang='lat' dir='ltr'><strong>et</strong></span> <span class='ocrx_word' id='word_1_54' title='bbox 465 2040 522 2098; x_wconf 92' lang='lat' dir='ltr'><strong>hec</strong></span> <span class='ocrx_word' id='word_1_55' title='bbox 543 2037 627 2099; x_wconf 83' lang='lat' dir='ltr'><strong>iussa</strong></span> <span class='ocrx_word' id='word_1_56' title='bbox 649 2039 844 2100; x_wconf 83' lang='lat' dir='ltr'><strong>mandauerit.</strong></span> <span class='ocrx_word' id='word_1_57' title='bbox 865 2095 869 2101; x_wconf 74' lang='grc'><strong><em>,</em></strong></span> 
     </span>
     <span class='ocr_line' id='line_1_16' title="bbox 412 2141 736 2219; baseline 0.009 -20"><span class='ocrx_word' id='word_1_58' title='bbox 412 2141 481 2219; x_wconf 90' lang='lat' dir='ltr'><strong>Hijs</strong></span> <span class='ocrx_word' id='word_1_59' title='bbox 503 2143 614 2204; x_wconf 85' lang='lat' dir='ltr'><strong>auditis</strong></span> <span class='ocrx_word' id='word_1_60' title='bbox 637 2144 736 2204; x_wconf 88' lang='lat' dir='ltr'><strong>senior</strong></span> 
     </span>
     <span class='ocr_line' id='line_1_17' title="bbox 414 2248 812 2326; baseline 0 -19"><span class='ocrx_word' id='word_1_61' title='bbox 414 2267 577 2326; x_wconf 86' lang='lat' dir='ltr'>parumper</span> <span class='ocrx_word' id='word_1_62' title='bbox 599 2251 695 2309; x_wconf 82' lang='lat' dir='ltr'><strong>faetus</strong></span> <span class='ocrx_word' id='word_1_63' title='bbox 716 2248 812 2309; x_wconf 90' lang='lat' dir='ltr'><strong>lenior</strong></span> 
     </span>
     <span class='ocr_line' id='line_1_18' title="bbox 411 2352 780 2432; baseline 0.005 -20"><span class='ocrx_word' id='word_1_64' title='bbox 411 2352 538 2432; x_wconf 85' lang='lat' dir='ltr'><strong>aceepit,</strong></span> <span class='ocrx_word' id='word_1_65' title='bbox 561 2374 620 2432; x_wconf 89' lang='lat' dir='ltr'><strong>que</strong></span> <span class='ocrx_word' id='word_1_66' title='bbox 642 2354 780 2415; x_wconf 79' lang='lat' dir='ltr'><strong>audierat</strong></span> 
     </span>
     <span class='ocr_line' id='line_1_19' title="bbox 359 2459 798 2537; baseline -0.002 -16"><span class='ocrx_word' id='word_1_67' title='bbox 359 2469 400 2521; x_wconf 75' lang='lat'><strong>⁸90</strong></span> <span class='ocrx_word' id='word_1_68' title='bbox 413 2468 443 2517; x_wconf 85' lang='lat' dir='ltr'><strong>et</strong></span> <span class='ocrx_word' id='word_1_69' title='bbox 466 2459 565 2519; x_wconf 86' lang='lat' dir='ltr'><strong>taliter</strong></span> <span class='ocrx_word' id='word_1_70' title='bbox 586 2460 798 2537; x_wconf 82' lang='lat' dir='ltr'><strong>responderat:</strong></span> 
     </span>
     <span class='ocr_line' id='line_1_20' title="bbox 417 2562 800 2626; baseline 0.005 -4"><span class='ocrx_word' id='word_1_71' title='bbox 417 2565 507 2623; x_wconf 75' lang='lat' dir='ltr'><strong>»Mea</strong></span> <span class='ocrx_word' id='word_1_72' title='bbox 528 2562 585 2624; x_wconf 86' lang='lat' dir='ltr'><strong>scit</strong></span> <span class='ocrx_word' id='word_1_73' title='bbox 606 2565 800 2626; x_wconf 82' lang='lat' dir='ltr'><strong>consciencia</strong></span> 
     </span>
     <span class='ocr_line' id='line_1_21' title="bbox 413 2666 916 2743; baseline 0.012 -18"><span class='ocrx_word' id='word_1_74' title='bbox 413 2666 563 2729; x_wconf 83' lang='lat' dir='ltr'><strong>immensa</strong></span> <span class='ocrx_word' id='word_1_75' title='bbox 584 2689 655 2733; x_wconf 77' lang='lat' dir='ltr'><strong>men</strong></span> <span class='ocrx_word' id='word_1_76' title='bbox 674 2669 811 2743; x_wconf 77' lang='lat' dir='ltr'><strong>erimina,</strong></span> <span class='ocrx_word' id='word_1_77' title='bbox 914 2676 916 2680; x_wconf 81' lang='grc'>’</span> 
     </span>
     <span class='ocr_line' id='line_1_22' title="bbox 412 2774 827 2855; baseline 0.01 -23"><span class='ocrx_word' id='word_1_78' title='bbox 412 2793 471 2850; x_wconf 91' lang='lat' dir='ltr'><strong>que</strong></span> <span class='ocrx_word' id='word_1_79' title='bbox 493 2774 827 2855; x_wconf 68' lang='lat' dir='ltr'><strong>commisi&#39;iuuencelus</strong></span> 
     </span>
     <span class='ocr_line' id='line_1_23' title="bbox 412 2881 780 2953; baseline 0.014 -17"><span class='ocrx_word' id='word_1_80' title='bbox 412 2881 531 2940; x_wconf 84' lang='lat' dir='ltr'><strong>effrenis</strong></span> <span class='ocrx_word' id='word_1_81' title='bbox 554 2892 585 2941; x_wconf 88' lang='lat' dir='ltr'><strong>et</strong></span> <span class='ocrx_word' id='word_1_82' title='bbox 604 2881 780 2953; x_wconf 84' lang='lat' dir='ltr'><strong>indomitus,</strong></span> 
     </span>
     <span class='ocr_line' id='line_1_24' title="bbox 362 2983 775 3045; baseline 0.002 0"><span class='ocrx_word' id='word_1_83' title='bbox 362 2994 401 3045; x_wconf 62' lang='grc' dir='ltr'><strong>θος</strong></span> <span class='ocrx_word' id='word_1_84' title='bbox 415 2985 470 3042; x_wconf 85' lang='lat' dir='ltr'><strong>sed</strong></span> <span class='ocrx_word' id='word_1_85' title='bbox 492 2983 516 3042; x_wconf 92' lang='lat' dir='ltr'><strong>si</strong></span> <span class='ocrx_word' id='word_1_86' title='bbox 539 3003 622 3044; x_wconf 89' lang='lat' dir='ltr'><strong>meas</strong></span> <span class='ocrx_word' id='word_1_87' title='bbox 640 2985 775 3045; x_wconf 80' lang='lat' dir='ltr'><strong>insanias</strong></span> 
     </span>
     <span class='ocr_line' id='line_1_25' title="bbox 416 3086 781 3166; baseline 0.016 -23"><span class='ocrx_word' id='word_1_88' title='bbox 416 3086 517 3145; x_wconf 89' lang='lat' dir='ltr'><strong>christi</strong></span> <span class='ocrx_word' id='word_1_89' title='bbox 539 3087 652 3148; x_wconf 85' lang='lat' dir='ltr'><strong>deleuit</strong></span> <span class='ocrx_word' id='word_1_90' title='bbox 673 3089 781 3166; x_wconf 62' lang='lat' dir='ltr'><strong>pietas</strong></span> 
     </span>
     <span class='ocr_line' id='line_1_26' title="bbox 417 3192 876 3271; baseline 0.011 -22"><span class='ocrx_word' id='word_1_91' title='bbox 417 3209 476 3267; x_wconf 88' lang='lat' dir='ltr'><strong>que</strong></span> <span class='ocrx_word' id='word_1_92' title='bbox 496 3209 588 3252; x_wconf 87' lang='lat' dir='ltr'><strong>omne</strong></span> <span class='ocrx_word' id='word_1_93' title='bbox 610 3192 726 3253; x_wconf 85' lang='lat' dir='ltr'><strong>crimen</strong></span> <span class='ocrx_word' id='word_1_94' title='bbox 747 3204 876 3271; x_wconf 80' lang='lat' dir='ltr'><strong>superat,</strong></span> 
     </span>
     <span class='ocr_line' id='line_1_27' title="bbox 416 3297 889 3378; baseline 0.008 -21"><span class='ocrx_word' id='word_1_95' title='bbox 416 3317 470 3374; x_wconf 88' lang='lat' dir='ltr'><strong>per</strong></span> <span class='ocrx_word' id='word_1_96' title='bbox 492 3316 583 3374; x_wconf 87' lang='lat' dir='ltr'><strong>quem</strong></span> <span class='ocrx_word' id='word_1_97' title='bbox 606 3297 703 3376; x_wconf 78' lang='lat' dir='ltr'><strong>quiuis</strong></span> <span class='ocrx_word' id='word_1_98' title='bbox 723 3310 889 3378; x_wconf 76' lang='lat' dir='ltr'><strong>recuperat.</strong></span> 
     </span>
     <span class='ocr_line' id='line_1_28' title="bbox 412 3401 960 3482; baseline 0.015 -22"><span class='ocrx_word' id='word_1_99' title='bbox 412 3401 559 3477; x_wconf 89' lang='lat' dir='ltr'><strong>quidquid</strong></span> <span class='ocrx_word' id='word_1_100' title='bbox 581 3405 739 3480; x_wconf 85' lang='lat' dir='ltr'><strong>peccando</strong></span> <span class='ocrx_word' id='word_1_101' title='bbox 763 3405 905 3482; x_wconf 86' lang='lat' dir='ltr'><strong>perdidit,</strong></span> <span class='ocrx_word' id='word_1_102' title='bbox 957 3404 960 3431; x_wconf 78' lang='lat'>³</span> 
     </span>
     <span class='ocr_line' id='line_1_29' title="bbox 359 3505 929 3581; baseline 0.011 -18"><span class='ocrx_word' id='word_1_103' title='bbox 359 3530 400 3570; x_wconf 64' lang='grc' dir='ltr'><strong>φο</strong></span> <span class='ocrx_word' id='word_1_104' title='bbox 413 3505 465 3580; x_wconf 91' lang='lat' dir='ltr'><strong>qui</strong></span> <span class='ocrx_word' id='word_1_105' title='bbox 486 3517 621 3566; x_wconf 88' lang='lat' dir='ltr'><strong>mortem-</strong></span> <span class='ocrx_word' id='word_1_106' title='bbox 635 3520 773 3567; x_wconf 86' lang='lat' dir='ltr'><strong>nostram</strong></span> <span class='ocrx_word' id='word_1_107' title='bbox 795 3510 929 3581; x_wconf 80' lang='lat' dir='ltr'><strong>destruit,</strong></span> 
     </span>
     <span class='ocr_line' id='line_1_30' title="bbox 361 3595 884 3689; baseline 0.008 -21"><span class='ocrx_word' id='word_1_108' title='bbox 361 3595 364 3598; x_wconf 30' lang='lat'><strong>⁴</strong></span> <span class='ocrx_word' id='word_1_109' title='bbox 414 3620 444 3668; x_wconf 90' lang='lat' dir='ltr'><strong>et</strong></span> <span class='ocrx_word' id='word_1_110' title='bbox 465 3630 523 3670; x_wconf 90' lang='lat' dir='ltr'><strong>nos</strong></span> <span class='ocrx_word' id='word_1_111' title='bbox 544 3611 585 3671; x_wconf 83' lang='lat' dir='ltr'><strong>ad</strong></span> <span class='ocrx_word' id='word_1_112' title='bbox 604 3611 698 3671; x_wconf 80' lang='lat' dir='ltr'><strong>vitam</strong></span> <span class='ocrx_word' id='word_1_113' title='bbox 721 3624 847 3689; x_wconf 71' lang='lat' dir='ltr'><strong>reparat,</strong></span> <span class='ocrx_word' id='word_1_114' title='bbox 881 3612 884 3618; x_wconf 82' lang='lat'>&#39;</span> 
     </span>
     <span class='ocr_line' id='line_1_31' title="bbox 413 3714 890 3794; baseline 0.01 -21"><span class='ocrx_word' id='word_1_115' title='bbox 413 3733 490 3790; x_wconf 85' lang='lat' dir='ltr'><strong>quos</strong></span> <span class='ocrx_word' id='word_1_116' title='bbox 512 3714 601 3775; x_wconf 86' lang='lat' dir='ltr'><strong>morti</strong></span> <span class='ocrx_word' id='word_1_117' title='bbox 623 3714 829 3794; x_wconf 76' lang='lat' dir='ltr'><strong>deputarent.</strong></span> <span class='ocrx_word' id='word_1_118' title='bbox 888 3728 890 3734; x_wconf 80' lang='grc'>’</span> 
     </span>
     <span class='ocr_line' id='line_1_32' title="bbox 413 3820 796 3898; baseline 0.01 -21"><span class='ocrx_word' id='word_1_119' title='bbox 413 3820 503 3880; x_wconf 89' lang='lat' dir='ltr'><strong>Nunc</strong></span> <span class='ocrx_word' id='word_1_120' title='bbox 525 3832 594 3881; x_wconf 81' lang='lat' dir='ltr'><strong>mea</strong></span> <span class='ocrx_word' id='word_1_121' title='bbox 616 3821 796 3898; x_wconf 82' lang='lat' dir='ltr'><strong>penitencia,</strong></span> 
     </span>
     <span class='ocr_line' id='line_1_33' title="bbox 412 3924 785 4005; baseline 0.013 -22"><span class='ocrx_word' id='word_1_122' title='bbox 412 3924 437 3984; x_wconf 93' lang='lat' dir='ltr'><strong>si</strong></span> <span class='ocrx_word' id='word_1_123' title='bbox 458 3924 584 3985; x_wconf 88' lang='lat' dir='ltr'><strong>domino</strong></span> <span class='ocrx_word' id='word_1_124' title='bbox 606 3926 644 3986; x_wconf 87' lang='lat' dir='ltr'><strong>sit</strong></span> <span class='ocrx_word' id='word_1_125' title='bbox 665 3929 785 4005; x_wconf 72' lang='lat' dir='ltr'><strong>pinsita,</strong></span> 
     </span>
     <span class='ocr_line' id='line_1_34' title="bbox 358 4029 831 4100; baseline 0.008 -10"><span class='ocrx_word' id='word_1_126' title='bbox 358 4056 398 4100; x_wconf 76' lang='lat'><strong>90⁵</strong></span> <span class='ocrx_word' id='word_1_127' title='bbox 412 4032 465 4090; x_wconf 86' lang='lat' dir='ltr'><strong>fiat</strong></span> <span class='ocrx_word' id='word_1_128' title='bbox 486 4029 575 4091; x_wconf 86' lang='lat' dir='ltr'><strong>nobis</strong></span> <span class='ocrx_word' id='word_1_129' title='bbox 597 4030 741 4094; x_wconf 86' lang='lat' dir='ltr'><strong>indicium</strong></span> <span class='ocrx_word' id='word_1_130' title='bbox 828 4031 831 4039; x_wconf 81' lang='grc'><strong>’</strong></span> 
     </span>
     <span class='ocr_line' id='line_1_35' title="bbox 411 4120 886 4214; baseline 0.008 -20"><span class='ocrx_word' id='word_1_131' title='bbox 411 4135 465 4214; x_wconf 85' lang='lat' dir='ltr'><strong>per</strong></span> <span class='ocrx_word' id='word_1_132' title='bbox 487 4136 645 4197; x_wconf 90' lang='lat' dir='ltr'><strong>dominum</strong></span> <span class='ocrx_word' id='word_1_133' title='bbox 665 4120 729 4195; x_wconf 82' lang='lat' dir='ltr'><strong>non</strong></span> <span class='ocrx_word' id='word_1_134' title='bbox 751 4136 886 4211; x_wconf 76' lang='lat' dir='ltr'><strong>dubitem,</strong></span> 
     </span>
    </p>
   </div>
   <div class='ocr_carea' id='block_1_3' title="bbox 412 4242 955 4392">
    <p class='ocr_par' dir='ltr' id='par_1_3' title="bbox 412 4242 955 4392">
     <span class='ocr_line' id='line_1_36' title="bbox 412 4242 837 4314; baseline 0.007 -15"><span class='ocrx_word' id='word_1_135' title='bbox 412 4252 445 4300; x_wconf 92' lang='lat' dir='ltr'><strong>ut</strong></span> <span class='ocrx_word' id='word_1_136' title='bbox 466 4243 560 4302; x_wconf 88' lang='lat' dir='ltr'><strong>clauis</strong></span> <span class='ocrx_word' id='word_1_137' title='bbox 582 4244 623 4302; x_wconf 80' lang='lat' dir='ltr'><strong>ad</strong></span> <span class='ocrx_word' id='word_1_138' title='bbox 645 4260 702 4301; x_wconf 92' lang='lat' dir='ltr'><strong>nos</strong></span> <span class='ocrx_word' id='word_1_139' title='bbox 724 4242 837 4314; x_wconf 84' lang='lat' dir='ltr'><strong>redeat,</strong></span> 
     </span>
     <span class='ocr_line' id='line_1_37' title="bbox 834 4341 955 4392; baseline 0.008 -33"><span class='ocrx_word' id='word_1_140' title='bbox 834 4354 836 4359; x_wconf 81' lang='grc'>,</span> <span class='ocrx_word' id='word_1_141' title='bbox 920 4341 955 4392; x_wconf 75' lang='lat'><strong>8*</strong></span> 
     </span>
    </p>
   </div>
   <div class='ocr_carea' id='block_1_4' title="bbox 0 0 1521 4725">
    <p class='ocr_par' dir='ltr' id='par_1_4' title="bbox 0 0 1521 4725">
     <span class='ocr_line' id='line_1_38' title="bbox 0 0 1521 4725; baseline 0 0"><span class='ocrx_word' id='word_1_142' title='bbox 0 0 1521 4725; x_wconf 95' lang='lat' dir='ltr'><strong> </strong></span> 
     </span>
    </p>
   </div>
  </div>
 </body>
</html>
