<?xml version="1.0" encoding="UTF-8"?>
<!DOCTYPE html PUBLIC "-//W3C//DTD XHTML 1.0 Transitional//EN"
    "http://www.w3.org/TR/xhtml1/DTD/xhtml1-transitional.dtd">
<html xmlns="http://www.w3.org/1999/xhtml" xml:lang="en" lang="en">
 <head>
  <title>
</title>
<meta http-equiv="Content-Type" content="text/html;charset=utf-8" />
  <meta name='ocr-system' content='tesseract 3.04.00' />
  <meta name='ocr-capabilities' content='ocr_page ocr_carea ocr_par ocr_line ocrx_word'/>
</head>
<body>
  <div class='ocr_page' id='page_1' title='image "arnoldilubecens01buchgoog_0110.png"; bbox 0 0 3025 4725; ppageno 0'>
   <div class='ocr_carea' id='block_1_1' title="bbox 731 256 935 314">
    <p class='ocr_par' dir='ltr' id='par_1_1' title="bbox 731 256 935 314">
     <span class='ocr_line' id='line_1_1' title="bbox 731 256 935 314; baseline -0.005 -17"><span class='ocrx_word' id='word_1_1' title='bbox 731 256 935 314; x_wconf 37' lang='lat' dir='ltr'><strong>..30ss</strong></span> 
     </span>
    </p>
   </div>
   <div class='ocr_carea' id='block_1_2' title="bbox 518 423 1100 3746">
    <p class='ocr_par' dir='ltr' id='par_1_2' title="bbox 518 423 976 605">
     <span class='ocr_line' id='line_1_2' title="bbox 568 423 976 485; baseline -0.002 -2"><span class='ocrx_word' id='word_1_2' title='bbox 568 424 757 485; x_wconf 87' lang='lat' dir='ltr'>demonstrat</span> <span class='ocrx_word' id='word_1_3' title='bbox 775 423 808 483; x_wconf 91' lang='lat' dir='ltr'>in</span> <span class='ocrx_word' id='word_1_4' title='bbox 828 423 976 483; x_wconf 80' lang='lat' dir='ltr'>foramine</span> 
     </span>
     <span class='ocr_line' id='line_1_3' title="bbox 518 527 962 605; baseline 0.014 -23"><span class='ocrx_word' id='word_1_5' title='bbox 518 555 555 593; x_wconf 66' lang='grc' dir='ltr'>ιφ</span> <span class='ocrx_word' id='word_1_6' title='bbox 567 530 704 603; x_wconf 84' lang='lat' dir='ltr'>tabellas,</span> <span class='ocrx_word' id='word_1_7' title='bbox 726 539 761 588; x_wconf 84' lang='lat' dir='ltr'>vt</span> <span class='ocrx_word' id='word_1_8' title='bbox 782 527 962 605; x_wconf 69' lang='lat' dir='ltr'>predixerat,</span> 
     </span>
    </p>

    <p class='ocr_par' dir='ltr' id='par_1_3' title="bbox 569 633 1013 711">
     <span class='ocr_line' id='line_1_4' title="bbox 569 633 1013 711; baseline 0 -19"><span class='ocrx_word' id='word_1_9' title='bbox 569 652 645 711; x_wconf 84' lang='lat' dir='ltr'>quas</span> <span class='ocrx_word' id='word_1_10' title='bbox 666 644 697 693; x_wconf 89' lang='lat' dir='ltr'>et</span> <span class='ocrx_word' id='word_1_11' title='bbox 718 635 808 693; x_wconf 83' lang='lat' dir='ltr'>velox</span> <span class='ocrx_word' id='word_1_12' title='bbox 828 633 1013 711; x_wconf 67' lang='lat' dir='ltr'>produxerat</span> 
     </span>
    </p>

    <p class='ocr_par' dir='ltr' id='par_1_4' title="bbox 569 737 926 816">
     <span class='ocr_line' id='line_1_5' title="bbox 569 737 926 816; baseline 0 -18"><span class='ocrx_word' id='word_1_13' title='bbox 569 737 753 799; x_wconf 78' lang='lat' dir='ltr'><strong>contradidit</strong></span> <span class='ocrx_word' id='word_1_14' title='bbox 774 750 805 798; x_wconf 93' lang='lat' dir='ltr'>et</span> <span class='ocrx_word' id='word_1_15' title='bbox 824 739 926 816; x_wconf 77' lang='lat' dir='ltr'>legero</span> 
     </span>
    </p>

    <p class='ocr_par' dir='ltr' id='par_1_5' title="bbox 569 840 971 903">
     <span class='ocr_line' id='line_1_6' title="bbox 569 840 971 903; baseline 0.002 -1"><span class='ocrx_word' id='word_1_16' title='bbox 569 842 624 902; x_wconf 88' lang='lat' dir='ltr'>sed</span> <span class='ocrx_word' id='word_1_17' title='bbox 645 840 696 901; x_wconf 82' lang='lat' dir='ltr'>illa</span> <span class='ocrx_word' id='word_1_18' title='bbox 717 842 847 902; x_wconf 81' lang='lat' dir='ltr'>formum</span> <span class='ocrx_word' id='word_1_19' title='bbox 868 844 971 903; x_wconf 77' lang='lat' dir='ltr'>tabule</span> 
     </span>
    </p>

    <p class='ocr_par' dir='ltr' id='par_1_6' title="bbox 572 947 999 1027">
     <span class='ocr_line' id='line_1_7' title="bbox 572 947 999 1027; baseline 0 -20"><span class='ocrx_word' id='word_1_20' title='bbox 572 947 814 1027; x_wconf 86' lang='lat' dir='ltr'>primoquidem</span> <span class='ocrx_word' id='word_1_21' title='bbox 837 948 999 1019; x_wconf 78' lang='lat' dir='ltr'>exhorruit,</span> 
     </span>
    </p>

    <p class='ocr_par' dir='ltr' id='par_1_7' title="bbox 520 1053 1015 1545">
     <span class='ocr_line' id='line_1_8' title="bbox 520 1053 1015 1129; baseline 0.01 -22"><span class='ocrx_word' id='word_1_22' title='bbox 520 1080 557 1118; x_wconf 56' lang='grc' dir='ltr'>,οε</span> <span class='ocrx_word' id='word_1_23' title='bbox 573 1071 664 1129; x_wconf 85' lang='lat' dir='ltr'>quarn</span> <span class='ocrx_word' id='word_1_24' title='bbox 677 1071 705 1113; x_wconf 72' lang='lat' dir='ltr'>&#39;a</span> <span class='ocrx_word' id='word_1_25' title='bbox 725 1071 759 1113; x_wconf 84' lang='lat' dir='ltr'>se</span> <span class='ocrx_word' id='word_1_26' title='bbox 781 1053 889 1113; x_wconf 85' lang='lat' dir='ltr'>datum</span> <span class='ocrx_word' id='word_1_27' title='bbox 909 1053 1015 1113; x_wconf 76' lang='lat' dir='ltr'><strong>recolit</strong></span> 
     </span>
     <span class='ocr_line' id='line_1_9' title="bbox 573 1156 984 1235; baseline -0.002 -18"><span class='ocrx_word' id='word_1_28' title='bbox 573 1177 629 1218; x_wconf 90' lang='lat' dir='ltr'>suo</span> <span class='ocrx_word' id='word_1_29' title='bbox 651 1158 807 1235; x_wconf 82' lang='lat' dir='ltr'>quondum</span> <span class='ocrx_word' id='word_1_30' title='bbox 827 1156 984 1230; x_wconf 84' lang='lat' dir='ltr'>infantulo,</span> 
     </span>
     <span class='ocr_line' id='line_1_10' title="bbox 571 1261 1013 1338; baseline 0.002 -17"><span class='ocrx_word' id='word_1_31' title='bbox 571 1280 662 1338; x_wconf 89' lang='lat' dir='ltr'>quem</span> <span class='ocrx_word' id='word_1_32' title='bbox 684 1263 831 1323; x_wconf 77' lang='lat' dir='ltr'>clauserat</span> <span class='ocrx_word' id='word_1_33' title='bbox 853 1261 883 1321; x_wconf 86' lang='lat' dir='ltr'>in</span> <span class='ocrx_word' id='word_1_34' title='bbox 904 1262 1013 1322; x_wconf 79' lang='lat' dir='ltr'>loculo.</span> 
     </span>
     <span class='ocr_line' id='line_1_11' title="bbox 571 1365 1002 1444; baseline 0.002 -18"><span class='ocrx_word' id='word_1_35' title='bbox 571 1366 691 1427; x_wconf 88' lang='lat' dir='ltr'>Dehinc</span> <span class='ocrx_word' id='word_1_36' title='bbox 711 1366 876 1444; x_wconf 72' lang='lat' dir='ltr'>perspectis</span> <span class='ocrx_word' id='word_1_37' title='bbox 897 1365 1002 1427; x_wconf 81' lang='lat' dir='ltr'>litteris</span> 
     </span>
     <span class='ocr_line' id='line_1_12' title="bbox 571 1471 974 1545; baseline 0.002 -14"><span class='ocrx_word' id='word_1_38' title='bbox 571 1483 616 1531; x_wconf 89' lang='lat' dir='ltr'>est</span> <span class='ocrx_word' id='word_1_39' title='bbox 637 1489 754 1532; x_wconf 87' lang='lat' dir='ltr'>memor</span> <span class='ocrx_word' id='word_1_40' title='bbox 776 1471 823 1531; x_wconf 87' lang='lat' dir='ltr'>sui</span> <span class='ocrx_word' id='word_1_41' title='bbox 844 1471 974 1545; x_wconf 75' lang='lat' dir='ltr'>sceleris,</span> 
     </span>
    </p>

    <p class='ocr_par' dir='ltr' id='par_1_8' title="bbox 521 1576 1077 2075">
     <span class='ocr_line' id='line_1_13' title="bbox 521 1576 1077 1654; baseline 0.013 -25"><span class='ocrx_word' id='word_1_42' title='bbox 521 1603 559 1629; x_wconf 60' lang='grc' dir='ltr'>,ω</span> <span class='ocrx_word' id='word_1_43' title='bbox 571 1576 655 1654; x_wconf 94' lang='lat' dir='ltr'>quod</span> <span class='ocrx_word' id='word_1_44' title='bbox 676 1594 746 1635; x_wconf 88' lang='lat' dir='ltr'>cum</span> <span class='ocrx_word' id='word_1_45' title='bbox 769 1577 859 1638; x_wconf 81' lang='lat' dir='ltr'>fratre</span> <span class='ocrx_word' id='word_1_46' title='bbox 878 1577 1077 1638; x_wconf 75' lang='lat' dir='ltr'>commiserat</span> 
     </span>
     <span class='ocr_line' id='line_1_14' title="bbox 572 1679 942 1757; baseline 0.008 -18"><span class='ocrx_word' id='word_1_47' title='bbox 572 1693 602 1739; x_wconf 88' lang='lat' dir='ltr'>et</span> <span class='ocrx_word' id='word_1_48' title='bbox 624 1679 674 1739; x_wconf 86' lang='lat' dir='ltr'>diu</span> <span class='ocrx_word' id='word_1_49' title='bbox 697 1681 942 1757; x_wconf 78' lang='lat' dir='ltr'>frequentauerat</span> 
     </span>
     <span class='ocr_line' id='line_1_15' title="bbox 572 1788 986 1865; baseline 0.012 -21"><span class='ocrx_word' id='word_1_50' title='bbox 572 1803 729 1862; x_wconf 86' lang='lat' dir='ltr'>quousque</span> <span class='ocrx_word' id='word_1_51' title='bbox 750 1798 839 1863; x_wconf 82' lang='lat' dir='ltr'>partu</span> <span class='ocrx_word' id='word_1_52' title='bbox 861 1788 986 1865; x_wconf 65' lang='lat' dir='ltr'>grauida</span> 
     </span>
     <span class='ocr_line' id='line_1_16' title="bbox 571 1889 1023 1969; baseline 0 -18"><span class='ocrx_word' id='word_1_53' title='bbox 571 1889 667 1951; x_wconf 90' lang='lat' dir='ltr'>edidit</span> <span class='ocrx_word' id='word_1_54' title='bbox 685 1901 792 1951; x_wconf 87' lang='lat' dir='ltr'>natum</span> <span class='ocrx_word' id='word_1_55' title='bbox 813 1911 868 1969; x_wconf 89' lang='lat' dir='ltr'>per</span> <span class='ocrx_word' id='word_1_56' title='bbox 889 1889 1023 1951; x_wconf 64' lang='lat' dir='ltr'>munina.</span> 
     </span>
     <span class='ocr_line' id='line_1_17' title="bbox 572 1995 994 2075; baseline -0.002 -18"><span class='ocrx_word' id='word_1_57' title='bbox 572 1995 742 2057; x_wconf 84' lang='lat' dir='ltr'>Conscissis</span> <span class='ocrx_word' id='word_1_58' title='bbox 764 2014 837 2075; x_wconf 80' lang='lat' dir='ltr'>ergo</span> <span class='ocrx_word' id='word_1_59' title='bbox 859 1997 994 2057; x_wconf 76' lang='lat' dir='ltr'>testibus</span> 
     </span>
    </p>

    <p class='ocr_par' dir='ltr' id='par_1_9' title="bbox 521 2101 1003 2602">
     <span class='ocr_line' id='line_1_18' title="bbox 521 2101 998 2165; baseline 0.013 -10"><span class='ocrx_word' id='word_1_60' title='bbox 521 2127 558 2165; x_wconf 60' lang='grc' dir='ltr'>,ος</span> <span class='ocrx_word' id='word_1_61' title='bbox 572 2119 630 2159; x_wconf 88' lang='lat' dir='ltr'>nec</span> <span class='ocrx_word' id='word_1_62' title='bbox 650 2120 713 2161; x_wconf 88' lang='lat' dir='ltr'>non</span> <span class='ocrx_word' id='word_1_63' title='bbox 734 2101 846 2163; x_wconf 84' lang='lat' dir='ltr'>euulsis</span> <span class='ocrx_word' id='word_1_64' title='bbox 866 2102 998 2162; x_wconf 85' lang='lat' dir='ltr'>crinibus</span> 
     </span>
     <span class='ocr_line' id='line_1_19' title="bbox 572 2205 960 2269; baseline 0.008 -6"><span class='ocrx_word' id='word_1_65' title='bbox 572 2205 721 2267; x_wconf 86' lang='lat' dir='ltr'>infelicem</span> <span class='ocrx_word' id='word_1_66' title='bbox 747 2226 782 2267; x_wconf 83' lang='lat' dir='ltr'>se</span> <span class='ocrx_word' id='word_1_67' title='bbox 802 2218 960 2269; x_wconf 77' lang='lat' dir='ltr'>memoret</span> 
     </span>
     <span class='ocr_line' id='line_1_20' title="bbox 573 2313 1001 2388; baseline 0 -17"><span class='ocrx_word' id='word_1_68' title='bbox 573 2329 664 2388; x_wconf 84' lang='lat' dir='ltr'>quam</span> <span class='ocrx_word' id='word_1_69' title='bbox 686 2322 782 2373; x_wconf 84' lang='lat' dir='ltr'>totam</span> <span class='ocrx_word' id='word_1_70' title='bbox 804 2313 1001 2373; x_wconf 83' lang='lat' dir='ltr'>absorbuerat</span> 
     </span>
     <span class='ocr_line' id='line_1_21' title="bbox 574 2417 910 2496; baseline 0.009 -21"><span class='ocrx_word' id='word_1_71' title='bbox 574 2417 626 2476; x_wconf 86' lang='lat' dir='ltr'>alti</span> <span class='ocrx_word' id='word_1_72' title='bbox 646 2436 761 2496; x_wconf 85' lang='lat' dir='ltr'>vorago</span> <span class='ocrx_word' id='word_1_73' title='bbox 781 2417 910 2491; x_wconf 81' lang='lat' dir='ltr'>sceleris,</span> 
     </span>
     <span class='ocr_line' id='line_1_22' title="bbox 574 2523 1003 2602; baseline 0.005 -21"><span class='ocrx_word' id='word_1_74' title='bbox 574 2541 632 2598; x_wconf 91' lang='lat' dir='ltr'>que</span> <span class='ocrx_word' id='word_1_75' title='bbox 655 2534 783 2584; x_wconf 81' lang='lat' dir='ltr'>matrem</span> <span class='ocrx_word' id='word_1_76' title='bbox 805 2523 850 2583; x_wconf 92' lang='lat' dir='ltr'>sui</span> <span class='ocrx_word' id='word_1_77' title='bbox 868 2523 1003 2602; x_wconf 80' lang='lat' dir='ltr'>coniugis</span> 
     </span>
    </p>

    <p class='ocr_par' dir='ltr' id='par_1_10' title="bbox 523 2629 1028 3123">
     <span class='ocr_line' id='line_1_23' title="bbox 523 2629 978 2707; baseline 0.011 -24"><span class='ocrx_word' id='word_1_78' title='bbox 523 2655 562 2682; x_wconf 60' lang='grc' dir='ltr'>«ιο</span> <span class='ocrx_word' id='word_1_79' title='bbox 575 2644 641 2687; x_wconf 90' lang='lat' dir='ltr'>sese</span> <span class='ocrx_word' id='word_1_80' title='bbox 663 2629 752 2705; x_wconf 88' lang='lat' dir='ltr'>plene</span> <span class='ocrx_word' id='word_1_81' title='bbox 774 2638 978 2707; x_wconf 73' lang='lat' dir='ltr'>perspexerat,</span> 
     </span>
     <span class='ocr_line' id='line_1_24' title="bbox 576 2732 1000 2811; baseline 0.002 -20"><span class='ocrx_word' id='word_1_82' title='bbox 576 2750 734 2810; x_wconf 90' lang='lat' dir='ltr'>rursusque</span> <span class='ocrx_word' id='word_1_83' title='bbox 755 2734 843 2793; x_wconf 90' lang='lat' dir='ltr'>fletus</span> <span class='ocrx_word' id='word_1_84' title='bbox 864 2732 1000 2811; x_wconf 83' lang='lat' dir='ltr'>geminat</span> 
     </span>
     <span class='ocr_line' id='line_1_25' title="bbox 574 2839 1028 2915; baseline 0.004 -19"><span class='ocrx_word' id='word_1_85' title='bbox 574 2848 605 2896; x_wconf 91' lang='lat' dir='ltr'>et</span> <span class='ocrx_word' id='word_1_86' title='bbox 626 2855 729 2915; x_wconf 83' lang='lat' dir='ltr'>pugno</span> <span class='ocrx_word' id='word_1_87' title='bbox 749 2839 882 2898; x_wconf 86' lang='lat' dir='ltr'>tundens</span> <span class='ocrx_word' id='word_1_88' title='bbox 903 2847 1028 2915; x_wconf 78' lang='lat' dir='ltr'>pectora</span> 
     </span>
     <span class='ocr_line' id='line_1_26' title="bbox 574 2940 942 3018; baseline 0.011 -19"><span class='ocrx_word' id='word_1_89' title='bbox 574 2940 695 3018; x_wconf 89' lang='lat' dir='ltr'>inquid:</span> <span class='ocrx_word' id='word_1_90' title='bbox 721 2940 942 3003; x_wconf 79' lang='lat' dir='ltr'>›infelicissima</span> 
     </span>
     <span class='ocr_line' id='line_1_27' title="bbox 574 3048 949 3123; baseline 0.013 -17"><span class='ocrx_word' id='word_1_91' title='bbox 574 3058 642 3108; x_wconf 90' lang='lat' dir='ltr'>tuus</span> <span class='ocrx_word' id='word_1_92' title='bbox 662 3058 745 3109; x_wconf 88' lang='lat' dir='ltr'>ortus</span> <span class='ocrx_word' id='word_1_93' title='bbox 766 3048 808 3108; x_wconf 85' lang='lat' dir='ltr'>ad</span> <span class='ocrx_word' id='word_1_94' title='bbox 828 3060 949 3123; x_wconf 71' lang='lat' dir='ltr'>tortura,</span> 
     </span>
    </p>

    <p class='ocr_par' dir='ltr' id='par_1_11' title="bbox 524 3153 1100 3653">
     <span class='ocr_line' id='line_1_28' title="bbox 524 3153 969 3231; baseline 0.02 -26"><span class='ocrx_word' id='word_1_95' title='bbox 524 3179 560 3216; x_wconf 83' lang='lat'>215</span> <span class='ocrx_word' id='word_1_96' title='bbox 575 3163 620 3212; x_wconf 90' lang='lat' dir='ltr'>est</span> <span class='ocrx_word' id='word_1_97' title='bbox 641 3153 808 3214; x_wconf 80' lang='lat' dir='ltr'>destinatus</span> <span class='ocrx_word' id='word_1_98' title='bbox 830 3153 944 3228; x_wconf 84' lang='lat' dir='ltr'>celitus,</span> <span class='ocrx_word' id='word_1_99' title='bbox 962 3212 969 3231; x_wconf 65' lang='lat'><strong><em>‚</em></strong></span> 
     </span>
     <span class='ocr_line' id='line_1_29' title="bbox 575 3256 985 3336; baseline 0 -22"><span class='ocrx_word' id='word_1_100' title='bbox 575 3257 623 3316; x_wconf 92' lang='lat' dir='ltr'>cui</span> <span class='ocrx_word' id='word_1_101' title='bbox 645 3256 688 3318; x_wconf 89' lang='lat' dir='ltr'>sic</span> <span class='ocrx_word' id='word_1_102' title='bbox 709 3269 795 3336; x_wconf 82' lang='lat' dir='ltr'>patet</span> <span class='ocrx_word' id='word_1_103' title='bbox 814 3256 985 3319; x_wconf 74' lang='lat' dir='ltr'>interitusle</span> 
     </span>
     <span class='ocr_line' id='line_1_30' title="bbox 574 3361 1100 3426; baseline 0.015 -8"><span class='ocrx_word' id='word_1_104' title='bbox 574 3361 690 3422; x_wconf 89' lang='lat' dir='ltr'>Rursus</span> <span class='ocrx_word' id='word_1_105' title='bbox 711 3382 864 3424; x_wconf 77' lang='lat' dir='ltr'>conuerso</span> <span class='ocrx_word' id='word_1_106' title='bbox 881 3365 922 3425; x_wconf 78' lang='lat' dir='ltr'>ad</span> <span class='ocrx_word' id='word_1_107' title='bbox 941 3364 1100 3426; x_wconf 86' lang='lat' dir='ltr'>dominum</span> 
     </span>
     <span class='ocr_line' id='line_1_31' title="bbox 575 3465 1020 3540; baseline 0.018 -17"><span class='ocrx_word' id='word_1_108' title='bbox 575 3465 709 3540; x_wconf 87' lang='lat' dir='ltr'>priorum</span> <span class='ocrx_word' id='word_1_109' title='bbox 731 3484 840 3529; x_wconf 72' lang='lat' dir='ltr'>causas</span> <span class='ocrx_word' id='word_1_110' title='bbox 860 3469 1020 3531; x_wconf 85' lang='lat' dir='ltr'>eriminum</span> 
     </span>
     <span class='ocr_line' id='line_1_32' title="bbox 577 3571 976 3653; baseline 0.018 -24"><span class='ocrx_word' id='word_1_111' title='bbox 577 3571 669 3632; x_wconf 88' lang='lat' dir='ltr'>corde</span> <span class='ocrx_word' id='word_1_112' title='bbox 690 3573 821 3634; x_wconf 89' lang='lat' dir='ltr'>contrito</span> <span class='ocrx_word' id='word_1_113' title='bbox 842 3575 976 3653; x_wconf 70' lang='lat' dir='ltr'>replicet,</span> 
     </span>
    </p>

    <p class='ocr_par' dir='ltr' id='par_1_12' title="bbox 526 3678 964 3746">
     <span class='ocr_line' id='line_1_33' title="bbox 526 3678 964 3746; baseline 0.021 -12"><span class='ocrx_word' id='word_1_114' title='bbox 526 3701 563 3728; x_wconf 79' lang='lat'>220</span> <span class='ocrx_word' id='word_1_115' title='bbox 576 3687 609 3735; x_wconf 92' lang='lat' dir='ltr'>vt</span> <span class='ocrx_word' id='word_1_116' title='bbox 630 3690 700 3739; x_wconf 88' lang='lat' dir='ltr'>ante</span> <span class='ocrx_word' id='word_1_117' title='bbox 722 3678 837 3739; x_wconf 87' lang='lat' dir='ltr'>dictum</span> <span class='ocrx_word' id='word_1_118' title='bbox 859 3682 964 3746; x_wconf 73' lang='lat' dir='ltr'>furerat.</span> 
     </span>
    </p>
   </div>
   <div class='ocr_carea' id='block_1_3' title="bbox 658 3883 1026 3973">
    <p class='ocr_par' dir='ltr' id='par_1_13' title="bbox 658 3883 1026 3973">
     <span class='ocr_line' id='line_1_34' title="bbox 658 3883 1026 3973; baseline 0.008 -30"><span class='ocrx_word' id='word_1_119' title='bbox 658 3883 886 3963; x_wconf 88' lang='lat' dir='ltr'>Capitulum</span> <span class='ocrx_word' id='word_1_120' title='bbox 914 3889 1026 3973; x_wconf 67' lang='lat' dir='ltr'>VIlIm·</span> 
     </span>
    </p>
   </div>
   <div class='ocr_carea' id='block_1_4' title="bbox 577 4004 1022 4279">
    <p class='ocr_par' dir='ltr' id='par_1_14' title="bbox 577 4004 1022 4279">
     <span class='ocr_line' id='line_1_35' title="bbox 577 4004 1022 4173; baseline 0.011 -20"><span class='ocrx_word' id='word_1_121' title='bbox 577 4004 712 4173; x_wconf 68' lang='lat' dir='ltr'>nlcet</span> <span class='ocrx_word' id='word_1_122' title='bbox 733 4095 776 4156; x_wconf 93' lang='lat' dir='ltr'>sic</span> <span class='ocrx_word' id='word_1_123' title='bbox 797 4114 905 4158; x_wconf 79' lang='lat' dir='ltr'>umens</span> <span class='ocrx_word' id='word_1_124' title='bbox 918 4098 1022 4170; x_wconf 78' lang='lat' dir='ltr'>luerit,</span> 
     </span>
     <span class='ocr_line' id='line_1_36' title="bbox 579 4200 960 4279; baseline 0.01 -19"><span class='ocrx_word' id='word_1_125' title='bbox 579 4212 613 4260; x_wconf 91' lang='lat' dir='ltr'>vt</span> <span class='ocrx_word' id='word_1_126' title='bbox 630 4200 693 4260; x_wconf 82' lang='lat' dir='ltr'>iarn</span> <span class='ocrx_word' id='word_1_127' title='bbox 715 4201 779 4279; x_wconf 81' lang='lat' dir='ltr'>rapi</span> <span class='ocrx_word' id='word_1_128' title='bbox 800 4202 960 4264; x_wconf 85' lang='lat' dir='ltr'>crediderit</span> 
     </span>
    </p>
   </div>
   <div class='ocr_carea' id='block_1_5' title="bbox 0 0 1540 4725">
    <p class='ocr_par' dir='ltr' id='par_1_15' title="bbox 0 0 1540 4725">
     <span class='ocr_line' id='line_1_37' title="bbox 0 0 1540 4725; baseline 0 0"><span class='ocrx_word' id='word_1_129' title='bbox 0 0 1540 4725; x_wconf 95' lang='lat' dir='ltr'> </span> 
     </span>
    </p>
   </div>
  </div>
 </body>
</html>
