3025 4725
768 291 978 348 -·-66-

607 467 641 516 vt
663 456 753 517 armis
776 459 858 518 hunc
879 459 1035 519 deterreat.

604 563 734 623 efficitur
756 562 914 640 potencior

604 677 636 729 et
659 667 739 730 leoni
762 668 899 742 ferocior,

607 775 689 833 Dum
712 773 878 851 quemlibet
895 769 1088 836 fortissimum

544 907 596 944 1190
609 878 650 939 ad
670 889 816 940 terrorem
843 879 1014 939 videucium

606 983 755 1044 violenter
777 984 952 1044 abduxerat.
1003 1011 1006 1018 ¹

605 1107 663 1149 nec
685 1098 740 1160 est,
764 1088 816 1166 qui
837 1099 957 1166 raptum
978 1087 1117 1148 redimat.

608 1193 666 1252 His
688 1193 863 1254 nominatus
885 1196 989 1262 suerat,

606 1298 678 1359 dum
701 1317 793 1358 nemo
816 1300 897 1357 hunc
919 1298 1103 1375 equipperat,

541 1432 593 1469 1195
607 1405 663 1464 sed
684 1414 730 1462 est
751 1403 783 1462 in
805 1402 889 1464 tertis
912 1401 1054 1461 omnibus

604 1507 736 1568 Achilles
756 1507 984 1567 famosissimus.

603 1616 697 1674 Porro
720 1614 789 1672 exul
809 1613 963 1691 gregorius

603 1720 661 1778 hec
682 1730 881 1797 prospectans
903 1718 1100 1794 frequencius,

603 1824 654 1901 qui
675 1823 718 1882 nil
740 1824 874 1884 habebat
895 1839 984 1901 agere

538 1957 590 1984 μω
603 1939 702 2006 preter
724 1929 763 1988 de
785 1928 875 1988 laude
897 1929 1000 1988 viuere

601 2044 632 2094 et
654 2032 701 2092 cui
721 2036 837 2093 lucrum
859 2034 963 2105 fuerat,

602 2149 636 2198 vt
655 2139 762 2199 ceteris
784 2140 850 2216 plus
873 2139 999 2215 placeat,

602 2245 657 2302 Est
678 2246 840 2304 effrenatus
863 2244 964 2314 animo

604 2359 635 2409 et
656 2369 774 2411 merore
794 2348 939 2409 continuo

536 2485 587 2522 κως
603 2457 815 2534 pertractabat,
837 2454 912 2532 quid
933 2464 1035 2531 ageret

605 2560 653 2619 cui
675 2561 752 2620 forte
773 2578 805 2620 se
825 2539 1036 2620 submitteret?

602 2668 796 2742 Proponens:
822 2665 913 2742 »quid
933 2663 967 2721 iu
987 2663 1058 2723 aleis

602 2790 656 2848 per
678 2789 710 2829 se
732 2786 847 2846 pauper
869 2767 974 2845 aliquis

602 2875 689 2934 rebus
712 2874 799 2935 diues
819 2873 955 2944 efficitur,

536 3009 589 3036 1210
604 2980 677 3040 dum
699 2978 820 3040 incertis
844 2978 994 3039 subicitur.

600 3087 691 3145 Forte
713 3095 865 3163 proponat
886 3083 992 3160 aliquis

602 3209 687 3268 spem
710 3186 835 3251 dubium
857 3189 887 3248 in
911 3188 983 3248 aleis

601 3307 632 3353 et
652 3294 806 3372 ignorans,
829 3312 888 3371 que
911 3292 1016 3352 melior
1057 3368 1061 3375 Ι

601 3418 670 3476 pars
693 3399 731 3457 sit
752 3400 800 3459 uel
822 3397 961 3469 deterior,
1054 3390 1058 3399 ⁸

536 3533 586 3570 ηις
600 3516 630 3564 et
650 3506 724 3566 alter
746 3504 836 3564 rebus
859 3516 973 3562 vacuus

599 3611 704 3671 ludum
726 3608 873 3686 presumit
893 3607 1021 3685 oupidus

600 3718 705 3775 volens
728 3725 783 3774 aut
803 3726 926 3774 cunctas
948 3715 1073 3791 perdere

600 3839 648 3880 res
670 3831 723 3879 aut
745 3822 844 3897 plures
867 3818 1030 3897 aoquireror

598 3925 646 3986 Sic
666 3925 746 3987 circa
766 3936 799 3986 te
823 3926 921 4004 agitur

532 4060 584 4086 12²0
599 4050 667 4108 spes
690 4033 750 4091 vlla
772 4048 830 4091 nec
851 4030 1042 4108 promittitur,

597 4135 648 4212 qui
671 4156 702 4197 es
723 4137 844 4215 ignotus
867 4136 1008 4196 omnibus
1054 4174 1056 4183 ,

595 4243 663 4302 exul
685 4254 716 4301 et
735 4243 825 4301 rebus
848 4240 993 4301 modicus.
