3025 4725
750 270 962 345 ..93-

591 429 747 519 captiuitas
770 435 931 499 destruitur

594 545 684 618 ethi,
706 542 759 621 qni
781 550 867 602 erant
888 536 1008 606 mortui,

545 681 586 720 290
599 652 662 712 eius
685 658 754 710 sunt
767 656 873 707 'morte
894 643 987 703 liberi.

597 757 647 818 Sic
669 755 713 816 sic
733 751 791 814 iste
813 748 986 827 Gregorius,

593 880 685 939 quem
708 858 880 919 deterrebat
903 853 1037 921 rusticus,

576 965 697 1038 ,cressit
719 982 773 1041 per
794 953 995 1021 contumelias
1073 963 1076 968 '

595 1082 626 1132 et
647 1071 744 1130 illatas
767 1064 898 1127 iniurias.
978 1061 982 1066 ’

546 1207 583 1247 295
597 1174 777 1253 Propellitur
797 1165 934 1247 hospicio

596 1278 737 1358 ignobilis
761 1288 794 1336 ut
815 1262 922 1356 garcio*

599 1396 629 1445 et
651 1395 684 1444 vt
705 1380 789 1443 canis
812 1376 988 1445 excluditur,

597 1491 679 1550 vnde
700 1490 777 1548 letus
800 1483 935 1545 efficitur.

601 1595 650 1657 Sic
671 1593 747 1653 mira
771 1587 927 1669 paciencia

549 1731 588 1769 300
600 1702 656 1760 fert
677 1707 787 1756 cuncta
810 1690 971 1753 obuianc‘ia
996 1759 1001 1768 ,

599 1816 630 1865 et
651 1802 794 1864 studebat
814 1798 947 1866 illudere,

600 1908 650 1987 qni
671 1926 704 1967 se
726 1905 828 1965 studet
849 1897 1029 1979 opprimere.
1046 1913 1048 1917 ’

599 2013 661 2089 Qui
683 2012 775 2089 paulo
797 2019 867 2067 ante
889 2003 990 2064 sericis
1085 2001 1089 2008 ’

601 2116 817 2194 resplendebat
837 2107 965 2170 induuiis

548 2254 589 2294 305
603 2235 633 2285 et
655 2222 774 2283 excelso
795 2215 904 2275 solario
940 2241 943 2244 ·

602 2328 685 2390 molli
708 2325 860 2403 gaudebat
880 2313 1000 2387 lectulo,

602 2430 782 2496 breuissima
804 2422 997 2493 domuncula,

604 2559 663 2617 que
685 2557 742 2597 nec
765 2530 900 2596 habebat
919 2525 1080 2596 stramina,¹

604 2642 812 2723 pauperrimus
833 2632 1000 2701 includitur,
1057 2635 1080 2667 Ψ

551 2781 593 2818 310
605 2768 665 2826 que
686 2749 738 2806 vix
759 2756 841 2805 tecto
864 2736 1031 2800 obducitur.

603 2851 753 2913 Piscantis
774 2859 879 2907 tamen
900 2842 1025 2920 hospita
1112 2848 1114 2853 ’

606 2956 691 3019 omni
712 2963 826 3034 prestat
847 2947 1003 3019 instancia,
1062 2978 1064 2982 ,

605 3075 639 3123 vt
660 3046 811 3123 concedat
833 3044 978 3116 vilissima

607 3171 635 3230 ei
658 3165 788 3230 substrui
811 3158 964 3224 stramina.
1035 3136 1037 3141 Α

554 3274 810 3343 315Pernoctabat
832 3260 986 3344 gregorius

608 3382 637 3439 in
662 3378 769 3437 cellula
790 3371 951 3432 letissimus

609 3496 639 3545 et
661 3483 794 3542 habebat
816 3473 963 3554 repositas

610 3582 801 3650 cathenulam
824 3593 853 3642 et
876 3578 1004 3649 tabulas

610 3713 686 3772 quas
709 3708 799 3773 mane
819 3705 921 3748 secum
946 3684 1059 3743 deferat

557 3828 598 3865 320
610 3798 652 3857 ad
672 3799 774 3856 locum
796 3776 887 3871 quern
910 3789 1067 3850 desiderat
1091 3820 1095 3829 ι

717 3972 948 4051 Capitulum
977 3969 1034 4029 IX.·

612 4059 743 4227 INter
765 4144 822 4203 ista
843 4114 1038 4200 incommoda
1112 4210 1115 4213 ,

587 4271 676 4312 ·.non
698 4251 837 4310 cessabat
859 4245 996 4305 oramina
