3025 4725
1196 206 1602 279 ..35-

940 368 1087 445 quid
1127 373 1442 448 respondit
1488 378 1810 437 attendite:

946 475 1152 534 »Istud
1195 465 1447 555 semper
1488 481 1843 543 obtaueram

832 603 910 641 355
940 596 1082 638 nam
1130 581 1380 641 dubium
1423 603 1521 643 me
1565 603 1859 647 noueram

936 683 1013 743 de
1058 696 1222 744 ortus
1267 686 1384 747 mei
1426 690 1716 766 germine,

934 798 1000 846 ut
1046 789 1193 849 deus
1239 809 1338 850 me
1382 809 1750 871 cognoscere

938 903 1194 954 matrem
1239 895 1335 955 uel
1379 909 1614 974 patrem
1657 902 1897 973 faceret,

933 1016 1049 1058 nec
1093 999 1310 1060 faciem
1356 1013 1670 1075 auerteret,

833 1119 911 1167 360
940 1102 1041 1180 qui
1084 1102 1183 1163 via
1226 1115 1317 1164 est
1361 1116 1422 1165 et
1463 1108 1686 1169 veritas

931 1227 1025 1267 res
1070 1220 1404 1270 monstrare
1447 1222 1570 1298 tarn
1617 1214 1828 1275 dubias

933 1313 1052 1372 hoc
1097 1313 1234 1374 fecit
1277 1312 1362 1374 vti
1408 1315 1691 1377 dominus

930 1418 1008 1479 de
1050 1428 1242 1479 matre
1286 1436 1419 1480 sum
1460 1422 1840 1496 certissimuS,

929 1524 1096 1600 quod
1139 1534 1546 1602 protestantur
1585 1527 1787 1587 tabule

829 1644 902 1692 365
933 1629 1015 1687 ad
1058 1631 1178 1689 hoc
1222 1629 1326 1690 diu
1371 1632 1700 1691 recondite.
1798 1662 1802 1665 ·

926 1733 1160 1793 Vellem
1206 1744 1409 1793 tamen
1455 1734 1615 1795 hanc
1657 1737 1866 1799 micius

925 1838 1167 1899 nouisse
1211 1859 1337 1900 non
1380 1849 1506 1898 tam
1551 1838 1756 1917 ipsiuS,

926 1944 1032 2001 sed
1081 1944 1300 2003 absens
1347 1964 1449 2007 ero
1494 1949 1752 2027 longius,
1790 1968 1802 2052 *l

930 2046 1030 2122 qui
1076 2046 1396 2110 defuissem
1444 2053 1674 2126 meliuS,

828 2176 907 2213 370
933 2162 1142 2224 mater,
1188 2151 1308 2213 iam
1358 2159 1547 2218 multo
1592 2144 1882 2236 tempore,

921 2258 1089 2331 quod
1133 2257 1323 2319 donet
1362 2263 1512 2324 deus
1559 2258 1862 2348 plangere.

1020 2451 1476 2530 Capitulum
1535 2460 1720 2517 XVm·

916 2573 1029 2743 J
1026 2681 1146 2738 Am
1192 2696 1353 2742 nunc
1398 2684 1651 2744 accedat
1694 2687 1959 2763 propiuS,

912 2783 1015 2860 qui
1060 2783 1233 2846 vobis
1277 2789 1509 2864 pandat
1553 2786 1765 2850 melius
1864 2785 1866 2788 ’

914 2889 1312 2950 contritorum
1358 2893 1624 2953 miserias
1752 2905 1756 2909 ⁴

812 3016 886 3054 375
914 3000 976 3050 et
1017 2991 1318 3054 inauditas
1360 2995 1656 3056 lacrimas.

920 3095 1073 3170 Quis
1119 3118 1408 3176 vmquam
1451 3101 1544 3160 vir
1587 3112 1690 3161 aut
1733 3084 1958 3162 femina

913 3210 1038 3261 tam
1083 3201 1360 3264 intricata
1400 3205 1659 3265 crimina
1884 3190 1890 3195 ,

912 3316 1017 3366 aut
1062 3306 1214 3369 vidit
1256 3319 1359 3370 aut
1402 3322 1801 3389 cognouerat,

910 3413 1166 3474 accedat
1210 3407 1272 3475 'et
1315 3417 1429 3476 hec
1469 3417 1756 3493 proferat,

811 3531 892 3578 380
918 3517 1075 3576 Nam
1120 3529 1363 3594 prorsus
1405 3521 1528 3580 hoc
1569 3521 1633 3579 in
1676 3521 1887 3581 ordine

910 3639 1008 3679 me
1053 3620 1232 3688 video
1272 3625 1547 3685 deficere.
1596 3631 1598 3634 ’

908 3726 1050 3786 Non
1092 3727 1294 3800 credO,
1342 3731 1509 3808 qnod
1552 3729 1639 3790 sic
1682 3731 1874 3792 doluit

908 3830 1093 3892 dauid
1133 3848 1271 3892 cum
1294 3834 1626 3912 ¹planctum
1673 3837 1881 3896 fecerit

905 3955 1086 4015 super
1128 3940 1355 4020 saulem
1399 3949 1462 4000 et
1501 3939 1802 4004 ionathan.
1840 3961 1849 3989 τ

803 4058 877 4106 385
906 4052 966 4103 et
1012 4042 1273 4104 doluisse
1319 4045 1573 4104 forsitan
1761 4053 1807 4068 “-

902 4149 1093 4207 multo
1138 4148 1335 4209 minus
1378 4158 1526 4208 tunc
1571 4150 1834 4210 creditur
