3025 4725
475 375 514 412 ,ος
528 348 559 407 in
582 344 772 406 consessione
793 344 852 404 ista
873 346 1017 424 prodere!

526 454 615 512 Nunc
636 449 725 529 igitur
746 468 785 511 ex
806 451 910 511 animo

525 555 668 617 renuncia
689 555 842 632 dyabolo;

526 660 630 721 melius
653 671 698 720 est
719 659 815 721 tibia
837 677 941 721 sorore
963 659 1105 738 elongari,

526 784 619 844 quam
639 775 724 825 tanto
747 764 867 843 piaculo
888 764 1105 842 coinquinari«

475 874 595 931 210Hec
617 888 721 932 secum
743 870 870 942 iuuenis,

527 994 585 1036 nec
606 985 705 1035 cessat
726 976 872 1036 subdolus
893 974 999 1045 hostis,

528 1080 588 1140 Sed
607 1079 703 1158 magis
725 1091 817 1157 atque
839 1080 938 1157 magis

527 1186 665 1246 flammas
686 1185 780 1245 irritat
801 1184 920 1245 amoris.

525 1291 745 1368 persuadetque
767 1292 874 1362 scelus,
951 1303 954 1310 ’

478 1422 515 1459 215
529 1393 644 1453 iuuenis
666 1394 819 1456 consentit
840 1396 973 1455 anhelus.

528 1500 583 1558 Illa
605 1500 710 1559 dolum
731 1499 837 1571 nescit,
943 1509 945 1514 ⁴

525 1604 580 1665 sed
602 1622 688 1664 amor
709 1606 766 1665 sub
787 1614 925 1683 ternpore
945 1601 1062 1664 crescit.
1113 1609 1115 1613 ’

528 1710 588 1770 Sed
602 1718 740 1786 'quatuor
761 1709 862 1770 modis
919 1745 922 1750 ·

526 1815 643 1874 luxuria
665 1813 838 1875 dominatur
860 1815 938 1874 suis:

476 1950 514 1976 ,ω
528 1920 694 1980 Oculorum
710 1918 980 1997 concupiscenda,

527 2043 586 2101 que
609 2043 729 2086 sensum
749 2025 856 2086 euertit
877 2023 1018 2096 hominis,
1125 2057 1128 2064 κ

531 2129 689 2191 Secundo:
711 2129 887 2190 formositas
908 2129 1072 2199 muliebris,
1144 2161 1146 2164 ·

532 2233 642 2294 tercio:
666 2235 790 2312 dyaboli
812 2233 975 2312 suggestio,

528 2350 651 2417 quarto:
675 2339 793 2418 peccati
814 2338 1049 2403 consummacio

474 2472 511 2510 ηε
526 2445 639 2506 Taliter
660 2445 797 2506 deuictus

528 2550 675 2611 deliberat
696 2550 816 2628 penitus

525 2666 660 2732 stuprum
680 2655 801 2728 sororis,

525 2770 622 2819 cessat
644 2758 743 2820 omnis
766 2778 846 2837 pena
867 2757 991 2819 timoris.

525 2866 605 2937 Heu,
628 2883 720 2941 quam
743 2863 854 2924 misera
873 2862 1005 2924 hominis
1027 2860 1177 2935 condicio,

474 2997 513 3034 230
526 2987 585 3046 que
608 2968 651 3029 sic
673 2989 692 3029 a
714 2968 848 3045 dyabolo

527 3074 668 3135 euertitur
689 3075 834 3147 funditus,

526 3190 560 3239 vt
581 3198 703 3257 prorsus
724 3181 840 3239 nullum
862 3175 1043 3256 exhorrlelat
1064 3180 1169 3240 scelus.

525 3285 596 3343 Plus
619 3283 708 3344 solito
731 3283 828 3344 sorori
849 3302 882 3343 se
901 3282 1012 3360 ingerit

526 3387 635 3449 osculis
653 3435 658 3447 .
676 3387 869 3464 amplexibus
887 3376 959 3447 eam
981 3389 1096 3465 appetit

474 3522 511 3561 2³5
526 3504 556 3554 et
577 3493 728 3554 blanditur
749 3511 804 3570 per
825 3492 928 3552 omnia

524 3598 696 3659 intencione
717 3597 835 3658 noxia·

528 3706 597 3763 Hec
619 3722 682 3763 non
704 3702 904 3777 intellexerat,=

524 3809 608 3886 quod
628 3810 718 3869 frater
738 3807 827 3868 dolos
850 3819 1002 3887 preparat,
1093 3824 1095 3831 ·

425 3961 428 3969 .
527 3914 582 3974 sed
603 3912 631 3974 ei
653 3932 707 3990 per
729 3912 832 3974 omnia

475 4047 514 4083 2⁴0
528 4017 678 4079 consentit
700 4027 733 4077 vt
747 4017 818 4078 ooli
840 4017 952 4079 nescia.

524 4125 595 4182 Vna
615 4121 703 4200 igitur
724 4121 860 4183 noctium
