3025 4725
719 275 951 331 -106—

608 442 660 519 qui
682 461 744 501 non
768 441 863 501 sueuit
889 442 1041 518 suscipere
1127 473 1130 489 =

608 560 672 607 tam
693 547 842 625 gloriosos
864 546 1000 624 hospites

610 665 673 713 tam
694 672 778 712 raros
801 664 833 712 et
852 671 916 711 non
937 652 1054 730 inopes.

609 760 732 817 Illorum
755 758 970 818 habundancia

560 880 596 928 ⁵⁶⁵
610 862 701 940 ipsius
723 864 759 922 fir
778 862 884 933 leticia,

611 988 688 1046 quos
712 969 889 1028 habundare
917 967 1006 1043 varijs
1082 1019 1085 1022 ,

611 1073 734 1133 videbat
756 1073 942 1148 necessarijs,

611 1179 695 1254 quod
717 1178 803 1255 panis
824 1177 856 1236 iu
876 1176 1015 1253 sitarciis,

611 1284 693 1360 quod
716 1282 821 1343 vinum
842 1283 878 1341 sit
900 1282 930 1341 iu
953 1283 1093 1356 vasculis,

560 1416 598 1452 ⁵⁷0
611 1387 674 1447 istis
698 1389 839 1464 sperabat
861 1389 970 1463 perfrui

611 1505 641 1553 et
663 1495 729 1571 plus
752 1493 893 1551 studebat
914 1492 1020 1552 subici.

611 1579 781 1657 Adomauit
804 1596 973 1674 hospicium

612 1701 750 1762 iumentis
772 1702 903 1780 prebens
926 1704 1079 1778 pabulum,

613 1807 697 1886 ignes
720 1807 861 1867 accendit
880 1807 992 1883 largius

562 1938 599 1976 575
613 1923 643 1971 et
664 1912 717 1970 fuit
739 1907 958 1983 serenissimus,

611 2029 645 2076 ut
666 2019 785 2094 placeat
808 2016 959 2075 diuitibus.

613 2123 683 2181 Hoc
705 2122 814 2179 horum
836 2132 931 2181 terror
947 2119 1053 2197 exigit,

613 2225 663 2304 qui
686 2227 805 2303 placere
827 2246 890 2285 non
912 2225 1025 2286 studuit

614 2330 783 2390 humillimo
802 2327 950 2407 gregorio,

565 2454 603 2501 ⁵80
615 2437 668 2496 sed
688 2436 787 2512 ipsum
812 2445 905 2493 stratu
927 2431 1040 2491 rustico

618 2556 646 2605 et
669 2541 769 2600 verbis
792 2537 988 2598 contumeliat
1021 2560 1024 2565 ’

614 2662 643 2708 et
663 2644 787 2705 vinculis
810 2655 977 2720 exasperat.

662 2831 891 2906 Capitulum
914 2830 1015 2886 XVII.
1071 2866 1073 2873 ι

613 2961 847 3131 [iurantibus
869 3056 1041 3134 hospitibus
1080 3070 1084 3089 ²

615 3167 782 3227 conletatur
795 3174 835 3224 et
857 3162 984 3225 rusticus

565 3289 602 3334 ⁵8⁵
617 3272 740 3332 dicens:
768 3281 830 3330 »est
854 3267 926 3333 mihi
949 3265 1091 3344 gaudium

616 3362 724 3434 horum
749 3374 902 3433 aduentus·
920 3370 1084 3448 hospitum.
1120 3409 1137 3431 μ,

622 3482 764 3556 Adauget
786 3494 908 3554 quoque
932 3474 1087 3553 gandium,

616 3585 699 3661 quod
715 3581 781 3659 cepi
797 3581 910 3659 piscem
927 3576 1101 3651 maximum,

618 3687 668 3766 qui
690 3688 783 3749 hodie
804 3684 951 3751 exultacio

568 3823 605 3861 ⁵90
619 3796 647 3852 in
670 3804 770 3853 vestro
793 3805 840 3853 est
861 3788 1032 3870 conuiuio«

619 3900 693 3958 dixit
710 3908 740 3958 et
763 3917 835 3961 mox
857 3896 1020 3974 protulerat
1079 3948 1082 3955 ,

618 4006 730 4082 pisce'm
752 4021 851 4080 neque
874 4000 1028 4069 fefellerat,

617 4131 688 4169 nam
711 4111 808 4169 luerat
829 4103 1045 4183 pemvaximus

618 4226 648 4274 et
668 4216 745 4272 latus
767 4224 798 4273 et
821 4206 1020 4286 longissimus.
