3025 4725
332 436 406 486 arte.
446 426 537 485 Nunc
558 445 630 503 ergo
646 424 698 503 qui
710 425 875 505 aliquando
892 427 998 488 fabulis
1015 426 1139 488 scenicis
1155 427 1287 488 intentus
1303 426 1405 487 fuisti.

333 529 393 590 iam
423 541 600 614 conuertere
629 529 684 608 piis
713 532 819 593 studiis
839 533 880 592 ad
902 534 996 593 verba
1016 532 1148 593 christi:
1177 550 1234 593 uec
1260 531 1292 591 in
1313 533 1408 592 corde

334 647 386 696 tuo
402 654 555 714 proponas
571 644 690 714 tempus
699 636 841 698 inentutis
858 640 913 699 sed
928 638 1025 717 magis
1040 638 1193 716 applicare
1208 638 1248 697 ad
1266 637 1407 697 semitam

335 740 461 801 virtutis
498 744 573 802 Sunt
594 740 676 800 enim
698 744 798 820 plures
820 743 872 803 tali
893 743 1023 805 ludibrio
1041 742 1157 803 seducti
1177 742 1229 818 qui
1248 744 1407 819 peccando

335 822 456 940 tempus
486 846 547 906 sibi
544 832 780 961 ιιιιιιιιιῑτιιιιι.
803 859 835 908 et
863 850 937 908 dum
965 848 1047 909 diem
1074 849 1217 926 ignorant
1243 847 1407 908 crastinum

316 960 481 1045 ‚pereunt
494 936 534 1012 ad
545 936 668 1045 tar'ta'ra'
689 951 780 1044 ducti.
825 955 861 1011 In
887 954 1065 1014 memoriam
1087 952 1188 1013 veniat
1201 954 1293 1028 quod
1313 952 1409 1012 iheru-

297 1029 505 1122 2-'saiem'f
448 1037 606 1129 eastraff·
599 1063 666 1144 mei}
682 1061 789 1139 narrat
809 1058 861 1134 qui
881 1060 958 1136 regit
983 1071 1080 1131 astra,
1106 1058 1244 1135 linquens
1272 1058 1410 1120 ascendit

339 1160 463 1239 quidam
494 1160 688 1240 iherichoque
710 1162 847 1224 tetendit.
893 1166 962 1225 Hec
983 1167 1022 1226 de
1044 1166 1281 1241 prothoparente
1303 1174 1410 1223 nostro

337 1266 469 1327 christus
495 1266 595 1326 intulit
614 1313 621 1327 .
638 1288 696 1328 nec
725 1275 828 1344 tamen
853 1270 952 1330 minus
983 1288 1037 1346 per
1065 1270 1123 1329 hec
1144 1270 1239 1327 verba
1260 1268 1412 1353 designari

337 1370 433 1431 voluit
471 1373 637 1449 quemlibet
669 1385 863 1450 peccatorem
896 1374 948 1451 qui
975 1376 1076 1452 lapsus
1105 1373 1155 1433 via
1187 1373 1268 1451 regia
1300 1374 1412 1434 deflere

339 1478 441 1538 studet
471 1477 531 1538 vite
561 1476 667 1555 spolia.
711 1477 805 1552 Quod
834 1497 888 1555 per
914 1478 1098 1537 iherusalem*
1121 1478 1184 1538 siue
1215 1477 1347 1537 ihericho
1369 1477 1413 1536 in·

341 1582 492 1660 telligatur
512 1601 604 1643 nemo
627 1581 797 1660 sapientum
819 1583 958 1644 dubitare
980 1593 1124 1659 putatur.
1144 1584 1198 1642 sed
1220 1582 1271 1659 qui
1287 1584 1413 1642 verbum

344 1687 482 1748 doctrine
504 1687 649 1765 proposui
669 1686 854 1748 inconmune
875 1688 1017 1748 omnibus
1036 1688 1181 1765 prodesse
1197 1688 1288 1747 debui
1304 1700 1337 1747 vt
1351 1708 1415 1747 non

342 1793 434 1852 lateat
457 1791 626 1870 simplicem
649 1794 697 1852 uel
719 1793 912 1870 insipientem
936 1794 1019 1871 quod
1040 1812 1131 1852 nosse
1152 1811 1216 1851 non
1233 1792 1414 1871 ambigimus

337 1896 505 1974 quemlibet
519 1897 695 1975 sapientem.
721 1899 904 1958 Iherusalem
919 1898 1003 1975 pacis
1015 1896 1089 1958 visio
1102 1945 1110 1961 .
1122 1898 1194 1955 luna
1203 1897 1415 1976 interpretatur

340 2000 476 2061 ihericho
516 2002 701 2062 Iherusalem
744 2003 862 2063 celestis
901 2005 999 2080 patria
1031 2050 1036 2062 .
1065 2001 1227 2063 volubilem
1265 2006 1419 2067 mundum.

339 2105 489 2184 significat
521 2108 594 2167 luna
628 2119 791 2168 menstrua.
832 2108 949 2169 Primus
970 2110 1073 2185 itaque
1094 2126 1202 2184 parens
1226 2108 1414 2170 iherusalem

342 2210 470 2289 reliquid
488 2217 498 2273 .’
513 2212 586 2271 dum
618 2226 743 2291 propter
765 2212 909 2289 originale
930 2226 1089 2291 peccatum
1112 2212 1142 2271 in
1165 2214 1246 2271 hunc
1267 2216 1414 2275 mundum

340 2317 484 2379 exulauit.
531 2316 591 2394 Qui
619 2316 802 2395 despoliatus
832 2338 851 2377 a
874 2318 1039 2379 latronibus
1063 2317 1206 2379 .relictus
1235 2330 1282 2379 est
1311 2321 1350 2381 ab
1371 2321 1414 2381 eis

339 2542 370 2590 et
389 2530 491 2590 anime
510 2529 601 2589 miser
619 2528 745 2591 inuenit,
786 2522 959 2591 Semitiitiirs
990 2543 1094 2590 tamen
1123 2539 1170 2590 est
1197 2529 1338 2590 relictus:
1361 2530 1413 2605 qui

337 2635 468 2713 gemitus
490 2647 521 2695 et
536 2633 661 2711 suspiria
679 2680 684 2692 .
702 2635 741 2693 ad
757 2635 971 2711 plasmatorem
994 2634 1083 2693 traxit
1097 2633 1235 2693 afflictus.
1280 2633 1412 2693 Circum-

341 2740 492 2800 dederunt
513 2759 562 2800 me
584 2739 626 2797 ait
649 2739 778 2816 gemitus
798 2741 902 2801 mortis
919 2742 1025 2800 misere
1048 2737 1099 2815 qui
1115 2737 1218 2815 pacior
1233 2737 1412 2798 sententiam

343 2846 441 2906 sortis.
478 2844 560 2904 Huic
583 2844 741 2903 vulnerato
761 2891 767 2905 .
784 2864 883 2923 neque
904 2849 953 2906 lex
975 2862 1073 2921 neque
1088 2845 1235 2921 prophete
1251 2844 1414 2905 subuenire

340 2960 503 3028 potuerunt
527 2996 533 3009 .
557 2947 608 3026 qui
636 2949 766 3009 eandem
796 2950 982 3037 sentenciam
1019 2947 1205 3008 mortalitatis
1234 2947 1412 3010 incidemnt.

339 3055 400 3115 Sed
428 3064 530 3114 noster
558 3055 756 3115 samaritanus
788 3054 944 3114 miserator
975 3066 1004 3115 et
1033 3053 1099 3132 pius
1118 3100 1123 3111 .
1140 3053 1191 3129 qui
1213 3072 1276 3112 non
1299 3053 1412 3114 dormit

337 3179 435 3235 neque
452 3159 597 3220 dormitat
616 3206 622 3220 .
639 3162 693 3221 sed
708 3179 827 3238 semper
842 3179 911 3220 suos
934 3162 974 3220 ad
989 3159 1083 3218 vitam
1105 3177 1197 3235 quam
1218 3158 1412 3235 perdiderant
1496 3148 1497 3189 ³

341 3261 468 3323 inuitat.
485 3264 567 3323 hunc
595 3264 627 3323 in
656 3284 744 3324 suum
774 3284 892 3342 ponens
921 3265 1087 3323 iumentum
1111 3263 1298 3322 ‚curandum
1328 3263 1413 3322 duxit

340 3368 532 3429 instabulum.
549 3408 552 3418 ι
567 3371 671 3446 Ipsum
693 3369 860 3429 iumentum
885 3388 993 3445 corpus
1015 3367 1203 3445 intelligimus
1227 3367 1412 3427 dominicum

341 3475 380 3534 de
410 3474 595 3534 inmaculata
625 3472 740 3552 virgine
764 3485 964 3550 assumptum.
1011 3476 1183 3533 Iumentum
1216 3472 1295 3532 enim
1328 3473 1414 3550 quasi

342 3578 549 3640 iuuamentum
572 3579 679 3641 dicitur
702 3581 775 3657 quia
790 3581 862 3640 dum
878 3600 932 3657 per
947 3579 1122 3658 passionem
1138 3589 1167 3637 et
1182 3578 1286 3637 mortis
1301 3597 1413 3655 penam

342 3685 505 3745 subcubuit
523 3731 530 3747 .
547 3687 733 3763 resurgendo
757 3705 814 3745 nos
829 3685 870 3745 ad
884 3685 979 3744 vitam
993 3684 1140 3762 perduxit.
1166 3678 1270 3758 Ipsum
1292 3702 1414 3759 quoque

342 3789 508 3848 iumentum
531 3808 621 3849 ouem
643 3788 841 3849 centesimam
863 3791 1013 3867 perditam
1035 3787 1166 3848 humeris
1181 3787 1248 3852 ‚suis
1269 3787 1412 3863 inposuit.

343 3894 527 3971 gratulando
550 3895 592 3955 ad
613 3913 736 3972 gregem
756 3895 930 3972 reportauit.
964 3896 1120 3955 Stabulum
1144 3911 1215 3952 vero
1237 3912 1299 3968 quo
1321 3894 1415 3954 saucii

345 4010 487 4058 curantur
508 4010 540 4058 et
561 3998 692 4060 morbidi
709 4045 715 4058 .
732 4013 838 4061 sancta
860 4014 890 4061 et
912 4000 1060 4060 catholica
1086 4010 1131 4058 est
1153 3996 1278 4057 ecclesia
1298 3997 1331 4056 in
1352 4019 1414 4076 qua

343 4104 483 4165 omuibus
514 4106 555 4164 ad
584 4106 707 4181 plenum
739 4107 914 4166 subuenitur
937 4105 1022 4182 quod
1050 4122 1104 4181 per
1129 4105 1228 4180 legem
1249 4102 1413 4180 iudaycam

246 4260 250 4267 .
342 4209 713 4286 nullatenusadinpletur.
745 4208 872 4269 Protulit
892 4218 992 4267 autem
1009 4209 1208 4268 samaritanus
1231 4221 1333 4270 noster
1354 4219 1414 4268 sta·
