<?xml version="1.0" encoding="UTF-8"?>
<!DOCTYPE html PUBLIC "-//W3C//DTD XHTML 1.0 Transitional//EN"
    "http://www.w3.org/TR/xhtml1/DTD/xhtml1-transitional.dtd">
<html xmlns="http://www.w3.org/1999/xhtml" xml:lang="en" lang="en">
 <head>
  <title>
</title>
<meta http-equiv="Content-Type" content="text/html;charset=utf-8" />
  <meta name='ocr-system' content='tesseract 3.04.00' />
  <meta name='ocr-capabilities' content='ocr_page ocr_carea ocr_par ocr_line ocrx_word'/>
</head>
<body>
  <div class='ocr_page' id='page_1' title='image "arnoldilubecens01buchgoog_0144.png"; bbox 0 0 3025 4725; ppageno 0'>
   <div class='ocr_carea' id='block_1_1' title="bbox 742 296 977 348">
    <p class='ocr_par' dir='ltr' id='par_1_1' title="bbox 742 296 977 348">
     <span class='ocr_line' id='line_1_1' title="bbox 742 296 977 348; baseline 0.009 -32"><span class='ocrx_word' id='word_1_1' title='bbox 742 309 785 316; x_wconf 80' lang='grc'><strong>..</strong></span> <span class='ocrx_word' id='word_1_2' title='bbox 833 296 891 348; x_wconf 71' lang='lat'><strong>„4</strong></span> <span class='ocrx_word' id='word_1_3' title='bbox 933 310 977 329; x_wconf 73' lang='grc'><strong>,..</strong></span> 
     </span>
    </p>
   </div>
   <div class='ocr_carea' id='block_1_2' title="bbox 541 444 1114 4077">
    <p class='ocr_par' dir='ltr' id='par_1_2' title="bbox 594 444 1114 736">
     <span class='ocr_line' id='line_1_2' title="bbox 596 444 985 522; baseline -0.005 -17"><span class='ocrx_word' id='word_1_4' title='bbox 596 463 636 505; x_wconf 87' lang='lat' dir='ltr'><strong>ne</strong></span> <span class='ocrx_word' id='word_1_5' title='bbox 656 444 823 522; x_wconf 83' lang='lat' dir='ltr'><strong>peccatoris</strong></span> <span class='ocrx_word' id='word_1_6' title='bbox 846 444 985 506; x_wconf 83' lang='lat' dir='ltr'><strong>sordibus</strong></span> 
     </span>
     <span class='ocr_line' id='line_1_3' title="bbox 594 550 1022 611; baseline 0.005 -2"><span class='ocrx_word' id='word_1_7' title='bbox 594 551 748 611; x_wconf 86' lang='lat' dir='ltr'>fuscentur</span> <span class='ocrx_word' id='word_1_8' title='bbox 769 552 818 611; x_wconf 91' lang='lat' dir='ltr'><strong>uel</strong></span> <span class='ocrx_word' id='word_1_9' title='bbox 839 550 1022 611; x_wconf 68' lang='lat' dir='ltr'><strong>criminibus.</strong></span> 
     </span>
     <span class='ocr_line' id='line_1_4' title="bbox 595 654 1114 736; baseline 0.01 -21"><span class='ocrx_word' id='word_1_10' title='bbox 595 654 698 728; x_wconf 86' lang='lat' dir='ltr'><strong>Miror,</strong></span> <span class='ocrx_word' id='word_1_11' title='bbox 721 656 806 733; x_wconf 90' lang='lat' dir='ltr'><strong>quod</strong></span> <span class='ocrx_word' id='word_1_12' title='bbox 827 656 897 718; x_wconf 82' lang='lat' dir='ltr'><strong>solis</strong></span> <span class='ocrx_word' id='word_1_13' title='bbox 921 656 1114 736; x_wconf 78' lang='lat' dir='ltr'><strong>splendidum</strong></span> 
     </span>
    </p>

    <p class='ocr_par' dir='ltr' id='par_1_3' title="bbox 541 743 1095 1244">
     <span class='ocr_line' id='line_1_5' title="bbox 541 743 1095 827; baseline -0.011 0"><span class='ocrx_word' id='word_1_14' title='bbox 541 779 581 827; x_wconf 56' lang='grc' dir='ltr'><strong>διο</strong></span> <span class='ocrx_word' id='word_1_15' title='bbox 594 761 681 822; x_wconf 85' lang='lat' dir='ltr'><strong>iubar</strong></span> <span class='ocrx_word' id='word_1_16' title='bbox 702 761 818 822; x_wconf 90' lang='lat' dir='ltr'><strong>cunctis</strong></span> <span class='ocrx_word' id='word_1_17' title='bbox 839 761 1015 826; x_wconf 83' lang='lat' dir='ltr'><strong>continuum</strong></span> <span class='ocrx_word' id='word_1_18' title='bbox 1062 743 1066 750; x_wconf 34' lang='lat'>⁸</span> <span class='ocrx_word' id='word_1_19' title='bbox 1093 777 1095 782; x_wconf 86' lang='lat'>·</span> 
     </span>
     <span class='ocr_line' id='line_1_6' title="bbox 597 865 1008 945; baseline 0.002 -19"><span class='ocrx_word' id='word_1_20' title='bbox 597 886 646 926; x_wconf 90' lang='lat' dir='ltr'><strong>me</strong></span> <span class='ocrx_word' id='word_1_21' title='bbox 668 865 809 945; x_wconf 79' lang='lat' dir='ltr'><strong>dignatur</strong></span> <span class='ocrx_word' id='word_1_22' title='bbox 830 867 1008 945; x_wconf 85' lang='lat' dir='ltr'><strong>perfundere</strong></span> 
     </span>
     <span class='ocr_line' id='line_1_7' title="bbox 596 972 1016 1032; baseline -0.005 -1"><span class='ocrx_word' id='word_1_23' title='bbox 596 981 714 1031; x_wconf 84' lang='lat' dir='ltr'><strong>tanturn</strong></span> <span class='ocrx_word' id='word_1_24' title='bbox 735 972 873 1032; x_wconf 87' lang='lat' dir='ltr'><strong>fedatum</strong></span> <span class='ocrx_word' id='word_1_25' title='bbox 894 973 1016 1032; x_wconf 90' lang='lat' dir='ltr'><strong>scelere.</strong></span> 
     </span>
     <span class='ocr_line' id='line_1_8' title="bbox 595 1076 1049 1162; baseline 0.002 -27"><span class='ocrx_word' id='word_1_26' title='bbox 595 1076 791 1155; x_wconf 85' lang='lat' dir='ltr'>Quapropter</span> <span class='ocrx_word' id='word_1_27' title='bbox 812 1088 896 1138; x_wconf 84' lang='lat' dir='ltr'><strong>tauta</strong></span> <span class='ocrx_word' id='word_1_28' title='bbox 918 1076 1049 1162; x_wconf 81' lang='lat' dir='ltr'><strong>dignitas</strong></span> 
     </span>
     <span class='ocr_line' id='line_1_9' title="bbox 595 1181 983 1244; baseline 0.003 -3"><span class='ocrx_word' id='word_1_29' title='bbox 595 1192 625 1241; x_wconf 89' lang='lat' dir='ltr'><strong>et</strong></span> <span class='ocrx_word' id='word_1_30' title='bbox 646 1181 796 1243; x_wconf 88' lang='lat' dir='ltr'><strong>immensa</strong></span> <span class='ocrx_word' id='word_1_31' title='bbox 817 1181 983 1244; x_wconf 88' lang='lat' dir='ltr'><strong>sublimitas</strong></span> 
     </span>
    </p>

    <p class='ocr_par' dir='ltr' id='par_1_4' title="bbox 543 1284 1061 1784">
     <span class='ocr_line' id='line_1_10' title="bbox 543 1284 984 1359; baseline 0.005 -15"><span class='ocrx_word' id='word_1_32' title='bbox 543 1304 581 1351; x_wconf 79' lang='lat'><strong>84⁵</strong></span> <span class='ocrx_word' id='word_1_33' title='bbox 595 1284 669 1345; x_wconf 90' lang='lat' dir='ltr'><strong>mihi</strong></span> <span class='ocrx_word' id='word_1_34' title='bbox 691 1286 787 1359; x_wconf 86' lang='lat' dir='ltr'><strong>detur,</strong></span> <span class='ocrx_word' id='word_1_35' title='bbox 810 1307 874 1348; x_wconf 91' lang='lat' dir='ltr'><strong>non</strong></span> <span class='ocrx_word' id='word_1_36' title='bbox 893 1287 984 1350; x_wconf 90' lang='lat' dir='ltr'><strong>video</strong></span> 
     </span>
     <span class='ocr_line' id='line_1_11' title="bbox 594 1390 1035 1452; baseline 0.002 -2"><span class='ocrx_word' id='word_1_37' title='bbox 594 1402 658 1450; x_wconf 88' lang='lat' dir='ltr'><strong>tarn</strong></span> <span class='ocrx_word' id='word_1_38' title='bbox 680 1390 785 1452; x_wconf 89' lang='lat' dir='ltr'><strong>ultimo</strong></span> <span class='ocrx_word' id='word_1_39' title='bbox 808 1403 870 1452; x_wconf 87' lang='lat' dir='ltr'><strong>tam</strong></span> <span class='ocrx_word' id='word_1_40' title='bbox 895 1390 1035 1451; x_wconf 76' lang='lat' dir='ltr'><strong>minimo!</strong></span> 
     </span>
     <span class='ocr_line' id='line_1_12' title="bbox 594 1496 1061 1560; baseline 0.009 -5"><span class='ocrx_word' id='word_1_41' title='bbox 594 1497 665 1557; x_wconf 93' lang='lat' dir='ltr'><strong>Non</strong></span> <span class='ocrx_word' id='word_1_42' title='bbox 686 1497 762 1557; x_wconf 92' lang='lat' dir='ltr'><strong>noui</strong></span> <span class='ocrx_word' id='word_1_43' title='bbox 783 1516 883 1557; x_wconf 87' lang='lat' dir='ltr'><strong>mores</strong></span> <span class='ocrx_word' id='word_1_44' title='bbox 904 1496 1061 1560; x_wconf 86' lang='lat' dir='ltr'><strong>hominum</strong></span> 
     </span>
     <span class='ocr_line' id='line_1_13' title="bbox 595 1601 992 1662; baseline 0 -1"><span class='ocrx_word' id='word_1_45' title='bbox 595 1601 799 1662; x_wconf 86' lang='lat' dir='ltr'><strong>subiectorum</strong></span> <span class='ocrx_word' id='word_1_46' title='bbox 820 1601 992 1662; x_wconf 83' lang='lat' dir='ltr'><strong>sublimium</strong></span> 
     </span>
     <span class='ocr_line' id='line_1_14' title="bbox 594 1718 1018 1784; baseline 0.005 -19"><span class='ocrx_word' id='word_1_47' title='bbox 594 1724 652 1766; x_wconf 86' lang='lat' dir='ltr'><strong>nec</strong></span> <span class='ocrx_word' id='word_1_48' title='bbox 674 1718 762 1784; x_wconf 75' lang='lat' dir='ltr'><strong>aptrm</strong></span> <span class='ocrx_word' id='word_1_49' title='bbox 785 1725 883 1768; x_wconf 86' lang='lat' dir='ltr'><strong>essem</strong></span> <span class='ocrx_word' id='word_1_50' title='bbox 906 1725 1018 1784; x_wconf 84' lang='lat' dir='ltr'><strong>regere,</strong></span> 
     </span>
    </p>

    <p class='ocr_par' dir='ltr' id='par_1_5' title="bbox 543 1811 1076 2292">
     <span class='ocr_line' id='line_1_15' title="bbox 543 1811 1076 1889; baseline 0 -20"><span class='ocrx_word' id='word_1_51' title='bbox 543 1829 582 1877; x_wconf 65' lang='lat' dir='ltr'><strong>aso</strong></span> <span class='ocrx_word' id='word_1_52' title='bbox 595 1829 670 1887; x_wconf 91' lang='lat' dir='ltr'><strong>quos</strong></span> <span class='ocrx_word' id='word_1_53' title='bbox 694 1830 743 1872; x_wconf 88' lang='lat' dir='ltr'><strong>me</strong></span> <span class='ocrx_word' id='word_1_54' title='bbox 765 1811 902 1874; x_wconf 80' lang='lat' dir='ltr'><strong>timerem</strong></span> <span class='ocrx_word' id='word_1_55' title='bbox 925 1829 1076 1889; x_wconf 85' lang='lat' dir='ltr'><strong>spernere.</strong></span> 
     </span>
     <span class='ocr_line' id='line_1_16' title="bbox 596 1915 1035 1995; baseline 0 -21"><span class='ocrx_word' id='word_1_56' title='bbox 596 1916 706 1976; x_wconf 89' lang='lat' dir='ltr'><strong>Sensus</strong></span> <span class='ocrx_word' id='word_1_57' title='bbox 726 1936 827 1977; x_wconf 88' lang='lat' dir='ltr'><strong>mores</strong></span> <span class='ocrx_word' id='word_1_58' title='bbox 849 1915 1035 1995; x_wconf 84' lang='lat' dir='ltr'><strong>perpendite,</strong></span> 
     </span>
     <span class='ocr_line' id='line_1_17' title="bbox 594 2020 950 2097; baseline 0.006 -17"><span class='ocrx_word' id='word_1_59' title='bbox 594 2038 670 2097; x_wconf 88' lang='lat' dir='ltr'><strong>quos</strong></span> <span class='ocrx_word' id='word_1_60' title='bbox 692 2020 801 2084; x_wconf 86' lang='lat' dir='ltr'><strong>videtis</strong></span> <span class='ocrx_word' id='word_1_61' title='bbox 822 2022 950 2083; x_wconf 87' lang='lat' dir='ltr'><strong>deficere</strong></span> 
     </span>
     <span class='ocr_line' id='line_1_18' title="bbox 595 2112 1009 2187; baseline 0 -3"><span class='ocrx_word' id='word_1_62' title='bbox 595 2126 689 2186; x_wconf 88' lang='lat' dir='ltr'><strong>virtus</strong></span> <span class='ocrx_word' id='word_1_63' title='bbox 712 2127 882 2187; x_wconf 88' lang='lat' dir='ltr'><strong>succumbit</strong></span> <span class='ocrx_word' id='word_1_64' title='bbox 903 2112 1009 2186; x_wconf 82' lang='lat' dir='ltr'><strong>virium</strong></span> 
     </span>
     <span class='ocr_line' id='line_1_19' title="bbox 593 2231 1012 2292; baseline -0.002 -2"><span class='ocrx_word' id='word_1_65' title='bbox 593 2232 709 2291; x_wconf 89' lang='lat' dir='ltr'><strong>nullum</strong></span> <span class='ocrx_word' id='word_1_66' title='bbox 730 2231 763 2291; x_wconf 91' lang='lat' dir='ltr'><strong>in</strong></span> <span class='ocrx_word' id='word_1_67' title='bbox 785 2252 834 2292; x_wconf 87' lang='lat' dir='ltr'><strong>me</strong></span> <span class='ocrx_word' id='word_1_68' title='bbox 857 2231 1012 2292; x_wconf 88' lang='lat' dir='ltr'><strong>solacium.</strong></span> 
     </span>
    </p>

    <p class='ocr_par' dir='ltr' id='par_1_6' title="bbox 544 2334 1051 2835">
     <span class='ocr_line' id='line_1_20' title="bbox 544 2334 1051 2415; baseline -0.002 -19"><span class='ocrx_word' id='word_1_69' title='bbox 544 2354 582 2404; x_wconf 73' lang='lat'><strong>8⁵⁵</strong></span> <span class='ocrx_word' id='word_1_70' title='bbox 595 2338 677 2415; x_wconf 83' lang='lat' dir='ltr'><strong>Ergo</strong></span> <span class='ocrx_word' id='word_1_71' title='bbox 699 2337 805 2398; x_wconf 82' lang='lat' dir='ltr'><strong>fratres</strong></span> <span class='ocrx_word' id='word_1_72' title='bbox 827 2348 858 2398; x_wconf 90' lang='lat' dir='ltr'><strong>et</strong></span> <span class='ocrx_word' id='word_1_73' title='bbox 879 2334 995 2398; x_wconf 89' lang='lat' dir='ltr'><strong>domini</strong></span> <span class='ocrx_word' id='word_1_74' title='bbox 1049 2335 1051 2340; x_wconf 80' lang='grc'>’</span> 
     </span>
     <span class='ocr_line' id='line_1_21' title="bbox 594 2441 959 2503; baseline -0.005 -1"><span class='ocrx_word' id='word_1_75' title='bbox 594 2442 715 2502; x_wconf 86' lang='lat' dir='ltr'><strong>infirma</strong></span> <span class='ocrx_word' id='word_1_76' title='bbox 733 2442 827 2503; x_wconf 89' lang='lat' dir='ltr'><strong>vestri</strong></span> <span class='ocrx_word' id='word_1_77' title='bbox 848 2441 959 2503; x_wconf 88' lang='lat' dir='ltr'><strong>seruuli</strong></span> 
     </span>
     <span class='ocr_line' id='line_1_22' title="bbox 595 2547 1026 2609; baseline 0 -2"><span class='ocrx_word' id='word_1_78' title='bbox 595 2557 752 2608; x_wconf 87' lang='lat' dir='ltr'><strong>cernentes</strong></span> <span class='ocrx_word' id='word_1_79' title='bbox 775 2559 838 2608; x_wconf 86' lang='lat' dir='ltr'><strong>tam</strong></span> <span class='ocrx_word' id='word_1_80' title='bbox 859 2547 1026 2609; x_wconf 84' lang='lat' dir='ltr'><strong>inualidum</strong></span> 
     </span>
     <span class='ocr_line' id='line_1_23' title="bbox 595 2651 1007 2717; baseline 0 -5"><span class='ocrx_word' id='word_1_81' title='bbox 595 2671 657 2713; x_wconf 90' lang='lat' dir='ltr'><strong>non</strong></span> <span class='ocrx_word' id='word_1_82' title='bbox 680 2651 756 2712; x_wconf 88' lang='lat' dir='ltr'><strong>detis</strong></span> <span class='ocrx_word' id='word_1_83' title='bbox 778 2652 810 2712; x_wconf 91' lang='lat' dir='ltr'><strong>in</strong></span> <span class='ocrx_word' id='word_1_84' title='bbox 832 2652 1007 2717; x_wconf 83' lang='lat' dir='ltr'><strong>ridiculuml</strong></span> 
     </span>
     <span class='ocr_line' id='line_1_24' title="bbox 594 2758 976 2835; baseline 0.003 -19"><span class='ocrx_word' id='word_1_85' title='bbox 594 2760 714 2834; x_wconf 90' lang='lat' dir='ltr'><strong>Pauper</strong></span> <span class='ocrx_word' id='word_1_86' title='bbox 735 2768 848 2835; x_wconf 88' lang='lat' dir='ltr'><strong>exopto</strong></span> <span class='ocrx_word' id='word_1_87' title='bbox 871 2758 976 2835; x_wconf 89' lang='lat' dir='ltr'><strong>pocius</strong></span> 
     </span>
    </p>

    <p class='ocr_par' dir='ltr' id='par_1_7' title="bbox 545 2860 1055 3343">
     <span class='ocr_line' id='line_1_25' title="bbox 545 2860 994 2939; baseline -0.004 -18"><span class='ocrx_word' id='word_1_88' title='bbox 545 2878 585 2921; x_wconf 76' lang='lat' dir='ltr'><strong>eto</strong></span> <span class='ocrx_word' id='word_1_89' title='bbox 597 2860 704 2922; x_wconf 85' lang='lat' dir='ltr'><strong>vestris</strong></span> <span class='ocrx_word' id='word_1_90' title='bbox 727 2860 823 2921; x_wconf 76' lang='lat' dir='ltr'><strong>iuuari</strong></span> <span class='ocrx_word' id='word_1_91' title='bbox 841 2860 994 2939; x_wconf 80' lang='lat' dir='ltr'><strong>precibus,</strong></span> 
     </span>
     <span class='ocr_line' id='line_1_26' title="bbox 596 2964 976 3047; baseline -0.003 -21"><span class='ocrx_word' id='word_1_92' title='bbox 596 2977 629 3026; x_wconf 91' lang='lat' dir='ltr'><strong>ut</strong></span> <span class='ocrx_word' id='word_1_93' title='bbox 650 2965 734 3026; x_wconf 88' lang='lat' dir='ltr'><strong>omni</strong></span> <span class='ocrx_word' id='word_1_94' title='bbox 756 2964 818 3047; x_wconf 84' lang='lat' dir='ltr'><strong>vite</strong></span> <span class='ocrx_word' id='word_1_95' title='bbox 838 2977 976 3044; x_wconf 86' lang='lat' dir='ltr'><strong>tempore</strong></span> 
     </span>
     <span class='ocr_line' id='line_1_27' title="bbox 596 3070 996 3150; baseline -0.003 -20"><span class='ocrx_word' id='word_1_96' title='bbox 596 3071 627 3132; x_wconf 93' lang='lat' dir='ltr'><strong>in</strong></span> <span class='ocrx_word' id='word_1_97' title='bbox 648 3070 708 3132; x_wconf 81' lang='lat' dir='ltr'><strong>isto</strong></span> <span class='ocrx_word' id='word_1_98' title='bbox 730 3072 874 3150; x_wconf 77' lang='lat' dir='ltr'><strong>plangam</strong></span> <span class='ocrx_word' id='word_1_99' title='bbox 895 3071 996 3148; x_wconf 87' lang='lat' dir='ltr'><strong>lapide</strong></span> 
     </span>
     <span class='ocr_line' id='line_1_28' title="bbox 595 3176 1055 3255; baseline 0 -19"><span class='ocrx_word' id='word_1_100' title='bbox 595 3188 730 3255; x_wconf 82' lang='lat' dir='ltr'><strong>peccata,</strong></span> <span class='ocrx_word' id='word_1_101' title='bbox 753 3195 813 3255; x_wconf 91' lang='lat' dir='ltr'><strong>que</strong></span> <span class='ocrx_word' id='word_1_102' title='bbox 835 3176 1055 3249; x_wconf 82' lang='lat' dir='ltr'><strong>commiseram,</strong></span> 
     </span>
     <span class='ocr_line' id='line_1_29' title="bbox 594 3282 1049 3343; baseline -0.004 -3"><span class='ocrx_word' id='word_1_103' title='bbox 594 3292 627 3341; x_wconf 90' lang='lat' dir='ltr'><strong>ut</strong></span> <span class='ocrx_word' id='word_1_104' title='bbox 649 3282 693 3342; x_wconf 89' lang='lat' dir='ltr'><strong>sic</strong></span> <span class='ocrx_word' id='word_1_105' title='bbox 715 3283 754 3341; x_wconf 85' lang='lat' dir='ltr'><strong>ad</strong></span> <span class='ocrx_word' id='word_1_106' title='bbox 776 3283 868 3341; x_wconf 89' lang='lat' dir='ltr'><strong>deum</strong></span> <span class='ocrx_word' id='word_1_107' title='bbox 891 3292 1049 3343; x_wconf 77' lang='lat' dir='ltr'><strong>transeam.</strong></span> 
     </span>
    </p>

    <p class='ocr_par' dir='ltr' id='par_1_8' title="bbox 546 3384 1065 3877">
     <span class='ocr_line' id='line_1_30' title="bbox 546 3384 1065 3469; baseline -0.002 -26"><span class='ocrx_word' id='word_1_108' title='bbox 546 3402 584 3450; x_wconf 79' lang='lat' dir='ltr'><strong>sss</strong></span> <span class='ocrx_word' id='word_1_109' title='bbox 599 3387 689 3446; x_wconf 91' lang='lat' dir='ltr'><strong>Nunc</strong></span> <span class='ocrx_word' id='word_1_110' title='bbox 710 3385 856 3462; x_wconf 82' lang='lat' dir='ltr'><strong>septimus</strong></span> <span class='ocrx_word' id='word_1_111' title='bbox 880 3396 909 3445; x_wconf 88' lang='lat' dir='ltr'><strong>et</strong></span> <span class='ocrx_word' id='word_1_112' title='bbox 931 3384 1065 3469; x_wconf 84' lang='lat' dir='ltr'><strong>decimus</strong></span> 
     </span>
     <span class='ocr_line' id='line_1_31' title="bbox 596 3490 1018 3568; baseline -0.005 -17"><span class='ocrx_word' id='word_1_113' title='bbox 596 3508 693 3551; x_wconf 79' lang='lat' dir='ltr'><strong>annus</strong></span> <span class='ocrx_word' id='word_1_114' title='bbox 711 3501 799 3552; x_wconf 81' lang='lat' dir='ltr'><strong>extat</strong></span> <span class='ocrx_word' id='word_1_115' title='bbox 818 3490 1018 3568; x_wconf 79' lang='lat' dir='ltr'><strong>plenissimus,</strong></span> 
     </span>
     <span class='ocr_line' id='line_1_32' title="bbox 596 3593 1031 3674; baseline 0 -20"><span class='ocrx_word' id='word_1_116' title='bbox 596 3611 657 3671; x_wconf 92' lang='lat' dir='ltr'><strong>quo</strong></span> <span class='ocrx_word' id='word_1_117' title='bbox 680 3606 823 3674; x_wconf 87' lang='lat' dir='ltr'><strong>torqueor</strong></span> <span class='ocrx_word' id='word_1_118' title='bbox 846 3597 885 3659; x_wconf 89' lang='lat' dir='ltr'><strong>de</strong></span> <span class='ocrx_word' id='word_1_119' title='bbox 904 3593 1031 3654; x_wconf 81' lang='lat' dir='ltr'><strong>crimine</strong></span> 
     </span>
     <span class='ocr_line' id='line_1_33' title="bbox 599 3700 972 3774; baseline 0.003 -16"><span class='ocrx_word' id='word_1_120' title='bbox 599 3719 726 3762; x_wconf 89' lang='lat' dir='ltr'><strong>manens</strong></span> <span class='ocrx_word' id='word_1_121' title='bbox 748 3700 781 3761; x_wconf 88' lang='lat' dir='ltr'><strong>in</strong></span> <span class='ocrx_word' id='word_1_122' title='bbox 802 3700 972 3774; x_wconf 74' lang='lat' dir='ltr'><strong>solitudine.</strong></span> 
     </span>
     <span class='ocr_line' id='line_1_34' title="bbox 595 3803 941 3877; baseline 0.003 -14"><span class='ocrx_word' id='word_1_123' title='bbox 595 3803 639 3864; x_wconf 90' lang='lat' dir='ltr'><strong>Sit</strong></span> <span class='ocrx_word' id='word_1_124' title='bbox 661 3805 734 3866; x_wconf 91' lang='lat' dir='ltr'><strong>mihi</strong></span> <span class='ocrx_word' id='word_1_125' title='bbox 757 3805 941 3877; x_wconf 76' lang='lat' dir='ltr'><strong>consolacio,</strong></span> 
     </span>
    </p>

    <p class='ocr_par' dir='ltr' id='par_1_9' title="bbox 543 3904 1055 4077">
     <span class='ocr_line' id='line_1_35' title="bbox 543 3904 998 3988; baseline -0.009 -14"><span class='ocrx_word' id='word_1_126' title='bbox 543 3924 582 3974; x_wconf 79' lang='lat'><strong>⁸⁷0</strong></span> <span class='ocrx_word' id='word_1_127' title='bbox 595 3911 679 3987; x_wconf 91' lang='lat' dir='ltr'><strong>quod</strong></span> <span class='ocrx_word' id='word_1_128' title='bbox 702 3932 757 3979; x_wconf 90' lang='lat' dir='ltr'><strong>vos</strong></span> <span class='ocrx_word' id='word_1_129' title='bbox 779 3904 893 3988; x_wconf 75' lang='lat' dir='ltr'><strong>fideles¹</strong></span> <span class='ocrx_word' id='word_1_130' title='bbox 905 3910 998 3970; x_wconf 82' lang='lat' dir='ltr'><strong>video</strong></span> 
     </span>
     <span class='ocr_line' id='line_1_36' title="bbox 595 4014 1055 4077; baseline -0.013 -2"><span class='ocrx_word' id='word_1_131' title='bbox 595 4014 654 4075; x_wconf 78' lang='lat' dir='ltr'><strong>iam</strong></span> <span class='ocrx_word' id='word_1_132' title='bbox 676 4034 759 4074; x_wconf 90' lang='lat' dir='ltr'><strong>nunc</strong></span> <span class='ocrx_word' id='word_1_133' title='bbox 780 4025 879 4077; x_wconf 88' lang='lat' dir='ltr'><strong>cesset</strong></span> <span class='ocrx_word' id='word_1_134' title='bbox 898 4015 1011 4076; x_wconf 86' lang='lat' dir='ltr'><strong>locutio</strong></span> <span class='ocrx_word' id='word_1_135' title='bbox 1050 4064 1055 4069; x_wconf 83' lang='lat'><strong>.</strong></span> 
     </span>
    </p>
   </div>
   <div class='ocr_carea' id='block_1_3' title="bbox 595 4118 1165 4201">
    <p class='ocr_par' dir='ltr' id='par_1_10' title="bbox 595 4118 1165 4201">
     <span class='ocr_line' id='line_1_37' title="bbox 595 4118 1165 4201; baseline -0.004 -22"><span class='ocrx_word' id='word_1_136' title='bbox 595 4120 626 4179; x_wconf 92' lang='lat' dir='ltr'><strong>in</strong></span> <span class='ocrx_word' id='word_1_137' title='bbox 649 4131 750 4201; x_wconf 86' lang='lat' dir='ltr'><strong>vestro</strong></span> <span class='ocrx_word' id='word_1_138' title='bbox 774 4122 886 4185; x_wconf 78' lang='lat' dir='ltr'><strong>vadam</strong></span> <span class='ocrx_word' id='word_1_139' title='bbox 909 4120 1019 4198; x_wconf 77' lang='lat' dir='ltr'><strong>placito</strong></span> <span class='ocrx_word' id='word_1_140' title='bbox 1031 4118 1057 4179; x_wconf 71' lang='lat' dir='ltr'><strong>t«</strong></span> <span class='ocrx_word' id='word_1_141' title='bbox 1162 4172 1165 4177; x_wconf 78' lang='grc'>,</span> 
     </span>
    </p>
   </div>
   <div class='ocr_carea' id='block_1_4' title="bbox 0 0 1527 4725">
    <p class='ocr_par' dir='ltr' id='par_1_11' title="bbox 0 0 1527 4725">
     <span class='ocr_line' id='line_1_38' title="bbox 0 0 1527 4725; baseline 0 0"><span class='ocrx_word' id='word_1_142' title='bbox 0 0 1527 4725; x_wconf 95' lang='lat' dir='ltr'><strong> </strong></span> 
     </span>
    </p>
   </div>
  </div>
 </body>
</html>
