3025 4725
1153 262 1231 273 ·-···
1329 250 1437 289 111
1538 267 1616 275 —-

861 416 978 474 que
1022 398 1302 459 videntur
1346 402 1662 477 superflua.

856 509 978 569 Sed
1022 524 1137 565 nec
1179 517 1392 565 ornata
1438 505 1622 564 facies

853 622 1101 689 compta
1146 628 1345 687 neque
1388 609 1647 669 cesaries
1732 625 1736 631 ·
1773 603 1778 612 ’

751 745 826 784 ⁷35
854 718 918 778 in
963 720 1081 777 hoc
1128 716 1255 775 viro
1299 712 1635 791 conparuit,
1696 771 1703 775 .

856 822 951 883 cui
995 833 1154 881 totus
1200 820 1429 881 exaruit

857 929 1127 986 mundus.
1162 946 1302 987 cum
1347 924 1467 986 suis
1514 925 1761 985 floribus

763 1052 779 1060 “
856 1042 915 1092 et
958 1032 1239 1092 omnibus
1284 1030 1613 1092 ornatibus.

858 1134 1058 1210 Quem
1106 1156 1319 1197 manus
1362 1134 1576 1196 domni
1620 1134 1822 1195 valida

754 1267 831 1304 740
857 1250 1195 1299 mutauerat
1238 1258 1345 1315 per
1383 1239 1615 1311 omnia,-

854 1345 957 1422 qui
1002 1365 1129 1422 per*
1152 1343 1381 1405 timoris
1428 1343 1701 1422 spiritum

861 1451 938 1509 ad
983 1460 1224 1527 optatus
1272 1449 1330 1509 in
1375 1450 1562 1510 filiurn

858 1566 1095 1615 terrena
1138 1555 1587 1632 supergreditur
1671 1582 1676 1587 ·

856 1662 1181 1721 celestibus
1226 1658 1586 1737 adiungitur.

754 1791 829 1828 745
858 1765 1107 1824 Nudum
1144 1774 1396 1823 cernunt
1439 1764 1717 1834 exteriuS,

857 1888 1038 1945 quern
1075 1867 1272 1927 induit
1313 1868 1568 1940 interius

854 1974 1198 2051 prefulgens
1237 1972 1596 2033 innocencia

858 2090 917 2137 et
960 2077 1175 2138 mentis
1216 2077 1635 2138 sanctimonia.

856 2186 1155 2259 Aspectus
1200 2191 1424 2243 terrent
1464 2180 1780 2241 hominum

756 2315 833 2353 7⁵0
862 2288 1133 2348 diuinum
1178 2286 1505 2348 solitarium

856 2405 916 2453 et
960 2396 1204 2454 volebat
1246 2395 1527 2470 effugere,

854 2519 1008 2576 quos
1055 2500 1302 2558 nolebat
1347 2497 1718 2574 conspicere.

856 2605 975 2665 Sed
1024 2615 1409 2681 pregrauatus
1454 2602 1754 2678 compede

857 2729 979 2769 non
1024 2721 1118 2769 est
1156 2709 1489 2786 permissus
1538 2724 1791 2776 currere,

752 2843 826 2881 755
854 2834 1035 2892 quem
1083 2827 1141 2874 et
1186 2816 1472 2875 arcebant
1514 2811 1757 2871 vincula
1809 2806 1811 2809 ’

855 2930 915 2978 et
957 2919 1259 2995 tybiarum
1307 2921 1570 2978 vulnera.

858 3032 915 3080 et
959 3022 1101 3099 quia
1142 3023 1343 3083 nudus
1390 3023 1585 3080 fuerat

856 3127 1044 3186 herba
1090 3127 1381 3204 pudenda
1423 3136 1655 3185 texerat

856 3231 942 3292 sic
988 3253 1025 3291 a
1071 3232 1470 3309 quesitoribus

753 3354 829 3403 ⁷60
856 3356 1085 3414 pauper
1122 3334 1327 3398 christi
1370 3335 1676 3414 gregorius

856 3443 1172 3513 inuenitur,
1219 3441 1589 3520 conspicitur

854 3559 915 3607 et
963 3549 1267 3609 mirandus
1313 3546 1586 3617 efficitur,

856 3673 1039 3729 quem
1086 3654 1188 3731 pili
1222 3655 1718 3737 deformauerant

853 3759 955 3834 qui
1001 3769 1194 3818 totum
1240 3776 1458 3836 corpus
1505 3763 1775 3815 texerant

751 3880 824 3929 765
856 3863 1025 3939 pellis
1073 3875 1205 3924 vsta
1248 3875 1315 3922 vt
1357 3863 1651 3937 clybanus

856 3981 1143 4027 terrorem
1189 3967 1298 4028 dat
1339 3965 1748 4044 spectantibus

854 4085 913 4135 et
958 4073 1171 4132 faciem
1220 4072 1556 4132 obduxerat

852 4182 1061 4250 barba,
1108 4199 1290 4256 quam
1336 4196 1459 4236 non
1502 4177 1822 4252 prebuerat
