3025 4725
559 259 769 316 ,ῳ-

436 406 543 470 Assint
564 419 594 470 et
615 409 759 490 precipue

437 512 489 591 qui
510 513 603 573 vestri
625 514 717 592 patris
739 525 876 594 tempore

385 643 424 683 φο
437 617 589 684 consiliari
609 630 768 692 nouerant,

436 733 470 783 vt
491 743 538 783 res
560 723 681 784 diuerso
701 727 864 804 postulant.

436 827 503 888 Hiis
525 830 702 906 proponatis
724 830 872 910 protinus,

437 935 522 1011 quod
541 933 630 995 vobis
653 934 702 995 hic
720 935 761 998 sit
782 935 909 1010 animus,

438 1040 523 1115 quod
545 1040 694 1117 appetatis
715 1055 845 1118 propere

387 1169 425 1207 με
439 1146 793 1228 sanctum.sepulchmm
815 1146 911 1210 visere

438 1257 468 1307 et
490 1256 590 1306 vestra
612 1246 651 1307 sit
672 1249 783 1326 peticio

437 1351 525 1413 simul
546 1361 577 1414 et
597 1355 792 1429 ammonicio,
839 1401 841 1408 .
872 1391 876 1412 1

436 1457 507 1534 quia
529 1469 601 1519 sunt
619 1469 715 1522 sortes
737 1462 820 1522 varie
853 1451 856 1458 ³

436 1563 541 1623 mortis
563 1574 594 1624 et
615 1563 677 1624 vite
697 1566 822 1636 lubrice,

383 1695 422 1734 ⁵³0
435 1679 468 1727 vt
490 1668 588 1730 sorori
606 1687 671 1729 non
690 1649 818 1731 dubium

435 1791 542 1833 omnes
564 1775 685 1838 firment
705 1773 875 1838 hominum.

435 1879 541 1955 Spero,
562 1880 647 1955 quod
668 1880 766 1944 nullus
788 1859 933 1960 ambigat,

434 1972 507 2061 (inin
526 1984 584 2046 hec
606 1983 700 2061 petita
721 1998 845 2056 annuat,
878 2039 881 2044 .

435 2100 466 2148 et
488 2088 512 2148 si
532 2089 694 2166 contingat
713 2109 866 2169 prospere,

383 2219 421 2258 sas
437 2191 486 2253 via
507 2193 608 2270 cupita
629 2213 766 2272 pergem,

434 2317 497 2357 non
519 2299 686 2363 obmittatis
710 2319 816 2381 aspere
879 2335 882 2342 »

434 2415 532 2466 errata
551 2416 651 2469 vestra
673 2407 827 2482 plangere.
888 2466 891 2471 .

435 2510 515 2571 Caro
537 2528 598 2587 quc
616 2510 802 2571 conmiserat

435 2614 503 2691 ipsa
522 2633 617 2692 penas
640 2616 771 2691 perferat

382 2746 421 2786 ⁵40
434 2730 465 2779 et
487 2719 525 2780 sit
545 2719 646 2787 cordis
669 2719 814 2781 contricio

434 2827 494 2886 deo
516 2826 614 2889 laudis
629 2825 768 2889 omacio.

437 2931 499 3004 Qui
521 2930 562 2990 sic
584 2932 727 3009 precipue

434 3054 569 3096 sororem
590 3037 712 3097 studeas
735 3034 927 3113 committere

436 3158 504 3198 mea
525 3141 582 3201 sub
603 3139 744 3205 custodia

383 3271 421 3310 545
435 3262 505 3304 cum
526 3245 611 3306 omni
634 3244 802 3322 diligencia.

434 3350 500 3411 Nec
520 3353 573 3413 fiet
592 3353 655 3413 hoc
674 3350 876 3429 incongmum

436 3455 491 3514 sed
514 3456 630 3515 cunctis
652 3455 886 3533 beneplacitum,

435 3578 505 3619 cum
528 3560 635 3623 ceteris
658 3561 818 3639 precipuus

434 3675 465 3725 et
485 3667 574 3724 rebus
586 3662 656 3725 ⁴sim
678 3675 710 3724 et
730 3663 853 3724 viribus.

383 3797 423 3835 ⁵⁵0
436 3771 485 3830 Sic
508 3789 606 3848 spero,
620 3770 713 3848 .quod
735 3770 912 3847 prouideam

434 3877 526 3936 talem
546 3876 603 3953 ipsi
625 3876 807 3947 custodiam,

433 3991 466 4040 vt
488 3981 526 4041 sit
545 3981 578 4041 in
600 3981 760 4059 puerperio

435 4088 550 4164 absque
572 4085 656 4147 omni
675 4086 807 4146 arbitrio.
