3025 4725
710 194 924 250 -32-

567 343 611 402 sic
633 343 673 401 ad
695 361 822 419 puerum
844 345 1012 407 redeamus.

537 447 626 509 sHic
649 466 707 525 ope
730 446 836 508 diuina

565 552 639 610 dum
661 551 768 612 transit
791 563 900 631 stagna
921 555 1048 627 marina,
1075 578 1079 582 ·

566 658 622 716 Est
643 669 849 731 conservatus,

567 773 599 821 ut
621 773 686 823 erat
706 761 792 823 ionas
814 762 970 825 triduanus

567 869 604 926 In
626 866 685 928 ceti
706 879 813 928 ventre

526 1001 551 1026 10
564 991 654 1032 sensu
677 972 781 1050 typico
804 974 977 1034 famulante.

567 1079 638 1137 Hoc
661 1077 760 1156 signat
782 1077 935 1151 christum,

568 1183 705 1242 sednon
728 1183 827 1243 minus
850 1183 908 1244 ista
930 1203 983 1261 per
1002 1185 1102 1262 ipsum

568 1288 739 1347 Creduntur
761 1300 854 1365 gesta,

569 1411 628 1469 que
652 1405 721 1470 post
742 1395 816 1452 fient
838 1394 1004 1454 manifesta.
1058 1385 1060 1388 ’
1113 1438 1119 1445 -

528 1526 551 1562 15
566 1500 644 1557 Nam
668 1499 801 1559 defertur
821 1496 983 1558 infantulus

568 1612 763 1663 consernatus
784 1601 927 1663 diuinitus

569 1727 638 1766 cum
661 1709 784 1785 propria
805 1708 943 1767 nauicula

570 1831 623 1889 per
645 1812 762 1873 marina
783 1812 916 1891 pericula

569 1928 599 1977 et
620 1929 744 1979 venerat
762 1921 804 1980 ad
825 1919 963 1989 insulam,

527 2049 553 2075 20
565 2040 624 2098 que
644 2023 821 2085 continebat
841 2025 988 2095 cellulam,

570 2147 662 2205 quam
683 2130 747 2189 vite
768 2128 947 2188 venerabilis

570 2252 639 2293 cum
662 2235 762 2295 multis
784 2233 841 2294 sibi
864 2233 990 2294 subditis

571 2338 628 2415 piJ's
650 2339 764 2400 ornatis
786 2338 919 2400 moribus

570 2445 666 2504 abbas
689 2445 766 2504 rexit
787 2444 953 2523 gregorius.
981 2486 984 2489 ι

530 2575 553 2612 25
569 2549 628 2624 Qui
650 2549 729 2611 binis
751 2549 951 2628 piscatoribus

575 2666 752 2731 preceperat
774 2654 916 2715 attentius

571 2769 604 2818 vt
626 2769 764 2819 secarent
785 2759 958 2819 diluculo‘²

571 2865 680 2925 finctus
702 2865 839 2942 piscandi
853 2864 971 2924 studim·

573 2970 634 3030 Sed
655 2971 729 3031 dum
751 2970 843 3048 patris
865 2968 1015 3048 perficitur

530 3105 555 3140 ³0
567 3075 689 3148 iussum,
713 3087 879 3153 tempestas
899 3069 992 3135 oritur

572 3193 602 3240 et
624 3181 742 3240 fuerant
764 3178 925 3241 contraria*

573 3284 627 3345 illis
650 3285 741 3344 man's
761 3286 915 3363 pericha

573 3389 623 3449 Sic
644 3391 717 3450 dum
739 3372 893 3450 maturant
913 3388 1042 3449 reditum

572 3514 627 3573 per
647 3496 834 3573 tempestatis
855 3495 1011 3573 impetum,

532 3628 555 3666 35
568 3600 730 3679 inpingunt
751 3601 782 3661 in
804 3601 984 3671 nauiculam,

573 3724 664 3782 quam
687 3707 760 3765 dum
783 3705 921 3767 viderant
943 3724 1081 3766 vacuam.

573 3811 638 3869 sine
660 3808 792 3869 virorum
810 3810 900 3888 copia

573 3914 657 3975 omni
680 3917 804 3975 student
825 3913 974 3974 instancia
1034 3936 1036 3945 ’

575 4021 656 4079 hanc
677 4021 873 4080 fluctuantem
894 4026 1010 4095 rapere,

532 4153 558 4189 40
571 4126 625 4184 sed
646 4125 833 4185 mirabantur
855 4123 983 4200 stupide.
