3025 4725
762 280 973 336 ,32-

605 465 675 507 cum
697 448 850 524 paululum
873 444 932 505 iam
955 444 1078 506 domina

604 550 741 612 extiterat
764 550 908 612 letissima
1029 627 1035 638 Ι

605 656 694 718 nullis
715 658 836 716 turbata
859 645 1034 726 motibus*
1072 665 1085 732 j

553 761 659 822 2⁶0sed
681 761 752 821 totis
774 770 916 821 constans
939 759 1050 819 viribus
1083 761 1084 765 ’

604 864 696 924 nichil
718 867 851 925 habebat
872 864 1024 924 turbidum

605 968 698 1031 nichil
719 971 804 1047 quod
826 979 906 1031 esset
925 968 1137 1048 languidum«

609 1076 734 1147 »Sunt«,
757 1073 806 1146 ait,
832 1075 917 1148 iheu,
940 1085 973 1138 vt
995 1074 1101 1147 dicitis,

605 1190 707 1239 tamen
729 1197 800 1238 vere
822 1179 974 1252 noueritis‚

554 1299 592 1348 2⁶5
606 1285 690 1360 quod
711 1283 742 1342 in
766 1280 864 1362 [hlora
885 1285 1051 1345 nouissima

606 1397 653 1448 est
674 1389 839 1449 constituta
859 1389 1010 1450 domina«

713 1635 942 1732 Capitulum
972 1653 1034 1712 Xffi·

608 1817 735 1985 (Dora
756 1911 839 1970 nulla
861 1930 947 1970 mora
968 1912 1064 1971 suerat

609 2035 699 2096 cursu
721 2016 818 2078 veloci
841 2025 992 2093 properat.

608 2123 648 2183 ad
671 2109 833 2183 dominam=
849 2119 1014 2197 gregorius,

555 2226 661 2304 270qui
682 2227 737 2286 fuit
759 2224 991 2287 iocundissimus

609 2334 701 2392 finem
722 2331 793 2393 fecit
814 2329 911 2391 leticie

610 2439 734 2516 planctu
756 2447 853 2496 tactus
876 2434 1003 2507 miserie,

610 2562 701 2621 quam
723 2542 906 2621 gaudentem
929 2540 1087 2616 reliquerat

610 2648 727 2708 tristem
749 2647 839 2707 nimis
863 2645 1025 2705 inuenerat.

559 2782 597 2819 2⁷⁵
611 2753 765 2812 Perierunt
787 2770 841 2828 per
863 2749 966 2809 omnia

611 2855 804 2917 iocunditatis
828 2854 936 2915 federa.

614 2964 694 3022 Nam
716 2959 771 3019 suit
793 2958 893 3018 vxoris

612 3065 728 3146 species
750 3076 781 3125 et
802 3066 900 3125 forma
921 3063 1042 3124 doloris.

612 3176 739 3233 Prorsus
763 3182 877 3230 mutata

559 3295 599 3334 ,κο
611 3276 750 3338 morienti
771 3275 832 3334 iam
854 3274 1001 3341 simulata.

612 3383 664 3440 Me
687 3381 829 3440 miserum
851 3397 944 3455 quam
967 3377 1088 3455 subita

614 3488 698 3547 bona
720 3495 789 3547 sunt
810 3484 987 3560 temporalia
1052 3488 1064 3559 f
1092 3514 1098 3535 ,«

612 3610 672 3670 que
693 3593 754 3651 iam
777 3592 859 3650 luere
880 3574 992 3667 gaudia
1053 3588 1055 3592 ”

612 3715 693 3756 nunc
715 3699 805 3775 plena
828 3705 897 3756 sunt
920 3693 1047 3752 miseria.

560 3819 600 3858 280
613 3803 669 3862 sub
691 3803 807 3862 incerto
830 3811 898 3860 sunt
920 3799 1023 3859 omnia

612 3908 710 3969 sutura
733 3919 849 3971 tantum
871 3904 972 3965 secula

613 3994 677 4072 sine
698 4013 758 4070 fine
781 4019 849 4069 sunt
872 4007 974 4066 valida

613 4117 667 4178 sed
689 4126 793 4177 tamen
816 4094 1081 4191 quasilanguidus
1107 4186 1111 4195 .
1148 4159 1150 4163 .

615 4223 660 4284 sic
682 4221 780 4280 intulit
803 4217 971 4297 gregorius:
1134 4197 1137 4203 ¹
