3025 4725
709 257 939 312 -ιοὸψ

562 419 647 496 quod
669 419 741 480 olim
762 432 1016 498 perpetraueram,

510 538 549 589 ⁶30
562 542 620 582 nec
643 523 781 602 penitens
803 529 1031 604 opplauxeram.

563 628 727 703 Quendam
749 630 901 691 habebam
923 634 1085 710 hospitem,

562 735 731 810 preclarum
752 735 876 812 quidem
897 736 1036 798 iuuenem

561 849 631 898 actu
655 840 752 900 forma
774 841 976 918 compositum

561 942 698 1020 quietum
721 946 849 1006 membis
872 946 1015 1010 validum.

508 1065 547 1113 ⁶³⁵
561 1048 623 1112 Sed
644 1051 788 1127 replicare
810 1069 925 1122 vereor,

562 1154 633 1232 quia
656 1174 799 1234 peccasse
820 1155 950 1228 monier,

561 1383 614 1425 seu
637 1376 768 1442 quantas
788 1368 986 1430 contumelias

560 1469 672 1530 tacenti
692 1470 897 1547 irrogauerim,

507 1589 547 1638 ⁶40
560 1577 608 1635 uel
630 1574 755 1652 qualiter
777 1575 915 1635 eiecerim

559 1680 615 1739 sub
637 1690 727 1740 nocte
749 1681 789 1739 de
811 1680 959 1757 buspicio,

558 1786 641 1862 quod
664 1804 745 1844 nunc
766 1784 874 1845 fecisse
895 1784 994 1848 doleo.

558 1891 701 1950 Tandem
720 1890 807 1948 illum
829 1889 859 1948 in
882 1889 981 1966 lapide

560 1994 695 2054 conclusi
717 1994 821 2054 stricta
842 1996 992 2071 compede

507 2115 545 2165 ως
559 2109 590 2158 et
611 2100 739 2171 clauem,
761 2117 823 2175 qua
844 2103 1034 2171 recluseram,

558 2222 664 2263 amens
687 2204 765 2263 mari
785 2203 1001 2274 immerseram,

557 2309 641 2386 quod
663 2327 746 2368 nuuc
766 2308 815 2369 dei
835 2308 946 2369 iudicio

560 2425 760 2493 presentatur,
782 2427 814 2473 vt
836 2414 959 2474 viden«.

570 2642 574 2647 -
639 2609 867 2688 Capitulum
899 2611 1006 2671 Xle·

558 2741 676 2910 fille
697 2847 858 2914 postquam
882 2844 1073 2911 perorauerat

504 2958 544 3007 650
558 2951 587 3000 et
609 2942 706 3000 scelus
729 2949 918 3016 exposuerat,

557 3065 618 3122 quo
642 3045 699 3105 sibi
721 3055 787 3106 erat
806 3043 956 3115 conscius,
1039 3036 1041 3043 ’

559 3170 630 3210 mox
652 3151 813 3211 aduolutus
835 3150 964 3227 pedibus

556 3256 692 3333 ipsorum
715 3254 790 3331 petit
812 3253 933 3314 reniam

558 3372 589 3419 et
610 3359 683 3417 facti
704 3358 938 3434 indulgenciam
963 3376 966 3379 ’

503 3482 542 3530 655
558 3463 604 3522 ῙῙῙΙ
628 3463 772 3531 mimi&
793 3460 936 3523 miserum

556 3568 608 3628 tali
630 3570 711 3630 facto
733 3579 796 3628 tam
820 3567 945 3646 impium

555 3693 618 3733 non
640 3673 763 3750 quidem
779 3685 899 3751 negant
920 3672 1050 3743 veniam,

556 3780 610 3838 sed
634 3797 730 3856 posse.
748 3777 971 3856 indulgenciam

556 3903 574 3943 a
596 3882 723 3943 domino
745 3883 910 3960 percipere,

504 3987 580 4048 scosi
603 3989 706 4049 doleat
727 3988 767 4047 de
788 3986 930 4060 crimine,

556 4094 617 4154 Sed
639 4082 792 4171 spondent
814 4089 1041 4152 habundancius

557 4198 667 4258 saluari
690 4199 728 4259 de
750 4197 934 4267 criminibus,
960 4192 961 4195 ’
