3025 4725
737 280 777 289 ·-
825 265 883 306 100
929 277 968 285 ’-

589 410 637 473 ille
660 412 791 490 quietem
814 415 936 476 noxiam

589 517 759 580 discuciens
781 521 814 580 fit
836 520 928 580 lecier

590 634 619 682 et
641 625 681 684 ad
703 624 760 684 iter
781 623 927 702 parecinr.
984 658 986 664 ι

537 743 575 791 aso
589 728 650 787 Sed
671 729 744 788 dum
768 727 887 792 timeret
908 732 1034 807 perdere
1118 748 1121 752 ’

587 833 643 893 iter
664 844 694 894 et
715 833 822 911 gaudit
841 854 976 913 pergere,
1049 860 1055 867 ·

588 938 701 999 obliuio
723 941 763 1000 de
784 942 887 1002 tabula

587 1046 620 1104 fit
642 1055 673 1105 et
694 1056 782 1122 repta
801 1047 982 1108 cethenule‘

587 1168 619 1209 se
642 1169 675 1210 se
695 1161 859 1211 vocantem
880 1149 1024 1227 seqnitur,

534 1273 571 1320 3⁶⁵
586 1274 605 1313 a
626 1274 688 1333 quo
708 1267 795 1315 torue
818 1255 986 1332 suscipitur.

585 1361 681 1421 Intrat
700 1371 805 1420 tamen
826 1359 1007 1432 nauiculam,

583 1484 675 1542 quam
695 1464 746 1525 ilte
767 1464 856 1524 vertit
878 1482 1055 1540 prosperam

583 1571 624 1630 ad
644 1568 788 1648 lapidem,
809 1568 990 1641 trtdixeeet,

582 1672 613 1733 in
635 1693 696 1752 quo
718 1683 924 1751 conpunctum
945 1675 1085 1749 addocet,

532 1808 571 1844 370
584 1779 667 1841 cuius
691 1780 785 1855 pedes
805 1778 967 1840 fortissime

582 1885 661 1944 ferro
683 1882 1015 1962 constringens-impie.
1070 1929 1072 1932 -
1121 1917 1126 1928 ·

586 1987 693 2060 »Hic«,
715 1987 830 2064 inquid,
859 2000 929 2049 »tue
945 1990 1065 2066 requies

581 2104 611 2152 et
634 2092 660 2152 si
682 2103 779 2153 errata
801 2094 946 2171 penites:

579 2198 631 2257 hic
653 2198 793 2274 profecto
813 2200 986 2273 salesberie,

529 2331 564 2370 375
579 2302 603 2365 si
623 2304 699 2364 flens
720 2305 966 2381 perseueraueris.

582 2411 653 2469 Non
675 2409 835 2470 hominnm
854 2411 1029 2487 frequencia
1113 2438 1115 2443 ·

579 2527 630 2575 tua
650 2514 772 2575 vexabit
792 2515 906 2587 studia,
943 2542 949 2553 ,

581 2622 635 2681 sed
657 2639 714 2679 nec
733 2621 865 2681 fernnm
887 2619 1015 2698 impetus
1058 2628 1061 2629 ’

578 2744 634 2784 nec
656 2724 825 2785 bestiarum·
846 2724 972 2787 editusre

524 2847 563 2894 380
576 2829 680 2906 sicque
702 2826 823 2898 clauim,
841 2847 916 2905 quer
927 2831 1083 2910 clauserat,

576 2932 714 2993 fluctibus
736 2932 928 2995 immerserat
971 2956 976 2963 ’
1059 2954 1062 2959 ⁴

575 3051 606 3100 et
628 3038 764 3100 discessit
784 3039 958 3101 vernoiusrr

575 3146 615 3205 ab
636 3144 704 3222 ipso
728 3155 824 3206 tortos
844 3124 966 3225 impius.⁴

669 3353 1019 3430 capitulumsxle

574 3474 643 3633 O
1019 3500 1068 3573 r,

668 3562 745 3624 Mira
767 3565 958 3642 dispensacio
1026 3566 1031 3573 “
1063 3598 1068 3607 ·

522 3684 559 3732 385
573 3680 603 3727 et
626 3669 722 3746 magis
745 3670 928 3730 miserand-

572 3773 684 3847 christi,
708 3775 759 3852 qni
781 3793 851 3835 suos
870 3775 1012 3853 protegit,
1048 3824 1052 3829 .
1078 3828 1102 3851 ,1

571 3898 647 3955 quos
669 3880 709 3939 ad
731 3879 857 3941 virtutes
868 3881 1023 3958 'preirehit
1133 3895 1137 3907 “

572 4003 663 4060 quam
683 3997 768 4063 grata
790 3986 962 4064 penitencie

571 4092 754 4166 angelorum*
768 4091 885 4151 leticie-
945 4108 949 4115 “

519 4221 557 4259 390
570 4193 608 4254 sit
629 4195 749 4268 christo,
774 4215 856 4256 nnnc
878 4197 1054 4276 perpendite
