3025 4725
734 275 947 347 „9⁶-

611 438 782 500 Permansit
803 458 924 518 quoque
945 440 1053 504 tacims

562 545 713 604 220d011eC
736 545 873 622 piscator
893 544 1002 623 impius

612 649 814 727 perquirebat,
837 660 872 711 rt
890 652 1010 725 referat,

611 755 678 831 quis
701 755 739 814 sit
760 767 791 818 et
814 756 1047 819 undesessrae

613 861 666 919 Ille
693 879 807 933 »sum«,
828 860 943 938 inquid,
970 862 1094 924 »sardus

612 965 651 1023 de
673 965 832 1026 transactis
854 965 1026 1039 sceleribus,

561 1097 597 1132 ,ιε
612 1088 671 1146 que
692 1070 865 1148 perpetreai
885 1069 985 1148 impie,

612 1191 694 1233 nunc
713 1193 842 1252 sperans
859 1177 1034 1260 satisfaoere

612 1279 726 1351 factori,
749 1298 840 1357 quem
863 1283 1050 1344 offenderam

612 1393 642 1443 et
664 1383 714 1443 hic
736 1387 912 1461 speluncam
934 1405 1099 1466 congruam

614 1506 680 1547 sum
703 1488 841 1552 inuenire
861 1488 998 1569 cupidus,

563 1620 602 1655 230
616 1602 649 1651 vt
670 1611 777 1652 vacem
800 1595 957 1658 soliterius.

611 1695 672 1754 Hic
693 1709 756 1756 non
780 1702 940 1776 sperabam
962 1701 1102 1762 homines

610 1802 663 1860 sed
686 1802 763 1863 seras
786 1805 875 1881 lupos
893 1817 926 1866 et
943 1807 1063 1883 bestias,

610 1907 671 1966 sed-
686 1924 768 1967 nunc
789 1918 841 1969 tua
863 1911 1029 1988 presencia,

611 2030 684 2071 sana
707 2013 801 2074 donet
822 2015 957 2089 consilia,

563 2143 599 2181 235
614 2126 646 2175 vt
667 2118 842 2193 speluncam
865 2119 1027 2192 inueniam,

610 2238 669 2297 qua
691 2221 750 2281 deo
771 2222 844 2283 satis
867 2223 975 2284 sesiam
1063 2258 1067 2262 ·

609 2344 665 2404 pro
687 2326 844 2391 transactis
866 2325 1036 2401 sceleribus,

609 2444 642 2491 vt
664 2431 736 2491 mihi
757 2433 797 2493 sit
816 2432 995 2511 propicius«

596 2640 828 2720 Capitulum
858 2642 1078 2719 septimum.

609 2763 710 2932 HD
733 2850 792 2909 hec.
811 2846 1064 2927 piscatosretulsst

559 2983 597 3018 240
611 2974 669 3015 nec
691 2966 794 3014 tamen
816 2953 865 3030 pie
887 2953 984 3015 intulit

608 3061 709 3129 uerba,
731 3074 791 3136 que
814 3060 1022 3136 proposuerat,

610 3166 683 3224 dum
706 3166 856 3224 deterrere
877 3164 992 3244 cogitat
1078 3160 1088 3213 ἶ

609 3271 675 3347 plus
698 3287 791 3344 quam
814 3266 903 3328 solari
925 3256 1049 3328 militem

608 3371 708 3432 christi
730 3365 870 3448 tyronem
892 3366 1042 3436 nobilem:

558 3504 595 3542 245
614 3477 663 3538 »Si
681 3487 767 3536 tuum
789 3488 834 3538 est
856 3478 1045 3561 propositum

609 3592 742 3660 prestare
766 3580 942 3657 solitarium,'

607 3690 707 3759 locum
731 3689 908 3749 monstrabo
929 3709 1096 3768 congruum

608 3793 779 3871 lugentibus
801 3776 998 3871 aptissirrrum,

607 3902 699 3976 quem'
720 3902 919 3975 procellarum
937 3893 1057 3964 'validus

557 4030 595 4066 πο
608 4005 709 4081 fragor
729 4000 870 4082 impingit
892 4002 1000 4083 sepius,

542 4174 544 4178 Α
609 4108 716 4168 nullius
738 4121 786 4168 est
808 4109 940 4169 accessio

613 4213 656 4274 ibi
676 4233 734 4273 nec
756 4214 939 4287 consolacio,
