3025 4725
705 214 939 267 —124—-

530 372 580 411 uso
593 356 645 433 qui
667 377 721 418 sua
743 362 889 448 beneficia

591 462 716 541 largitur
737 470 947 544 peccatoribus

592 585 625 625 se
652 570 764 629 deuote
786 575 1015 649 querentibusie

593 672 648 742 Illa
670 676 703 733 fit
723 675 938 742 iocundissima

594 777 644 835 dei
665 779 794 844 laudans
817 787 969 864 magnalia

531 897 580 944 11⁸⁵
594 893 625 941 et
646 885 741 945 suerat
763 887 802 947 de
825 900 925 954 cetero
956 969 959 974 ,

593 988 809 1067 obtemperans
830 998 979 1073 gregorio.

592 1094 665 1153 Erat
685 1094 728 1154 illi
749 1096 904 1171 solacium,

596 1216 683 1257 suum
707 1201 811 1262 videre
833 1201 925 1262 filium

596 1312 626 1361 et
647 1303 757 1364 virtute
780 1308 934 1384 proficere,

528 1433 579 1471 1190
592 1425 685 1484 quam
706 1410 757 1470 diu
780 1421 845 1470 erat
866 1412 977 1473 viuere.

592 1513 680 1590 Ipsos
702 1515 777 1575 deus
800 1515 1004 1589 coniunxerat,

593 1635 671 1693 quos
693 1618 774 1695 prius
798 1622 1016 1698 elongauerat·

594 1723 633 1781 ab
655 1721 795 1797 inuicem,
819 1743 896 1802 quos
919 1736 1024 1785 mutuo

592 1845 686 1902 praua
706 1828 824 1889 strinxit
845 1829 1029 1893 coniunctio.

527 1956 576 1996 1195
596 1932 770 1993 Laudemus
792 1952 866 2012 ergo
889 1932 1056 2006 dominum,

591 2035 642 2112 qni
664 2038 744 2096 salus
767 2048 812 2097 est
835 2037 1041 2113 peccnncium,
1067 2093 1072 2099 .

597 2140 648 2216 qui
671 2141 720 2219 pie
742 2161 837 2220 praua
859 2142 980 2219 corrigit

590 2255 620 2304 et
644 2265 714 2306 suos
737 2266 893 2325 nunquam
914 2247 1024 2307 deserit

591 2361 629 2422 et,
654 2350 678 2410 si
700 2353 861 2413 credantur
883 2350 1000 2430 perditi,

537 2483 588 2510 1200
603 2456 659 2532 hijs
682 2469 773 2535 auget
795 2459 910 2519 donum
932 2459 1029 2519 meriti

599 2564 766 2639 perfectum
789 2563 958 2641 penitencie

593 2685 687 2745 opem
711 2668 884 2728 ministrans
909 2668 1018 2745 gracie.
1043 2702 1083 2711 -

481 2858 678 2956 Explicit
708 2857 818 2935 liber
850 2861 1163 2975 gregorisnus,

592 3001 710 3172 filie
732 3107 805 3167 ergo
825 3097 925 3151 tonna
946 3088 1087 3151 omnibus

594 3194 633 3254 sit
656 3194 730 3254 data
752 3194 974 3271 peccatoribus,
1068 3227 1069 3230 ¹

528 3328 584 3363 1205
600 3300 653 3379 qni
677 3317 796 3376 cunque
818 3298 980 3376 dyabolico

599 3403 709 3464 irretiti.
725 3414 796 3464 sunt
814 3404 933 3481 laqueo,

599 3528 638 3569 ne
661 3510 823 3586 desperent
845 3510 974 3577 euadere

599 3616 723 3689 quando
744 3631 799 3692 per
819 3613 937 3675 donum
959 3611 1058 3690 gracie

598 3727 728 3778 cernunt
750 3718 912 3781 contritum
933 3719 1074 3794 laqueum

541 3851 594 3878 1²10
608 3835 637 3881 et
659 3823 774 3882 saluam
796 3820 916 3881 turbam
938 3837 1102 3895 passerum.

598 3929 664 3986 Iam
686 3925 765 3985 absit
788 3923 964 4002 desperacio

598 4051 678 4108 cayn
700 4050 758 4091 nec
781 4049 845 4090 non
866 4027 1015 4117 consessio

595 4137 679 4209 iude,
703 4136 837 4213 quinon
858 4132 992 4212 penituit,
