3025 4725
728 290 938 342 ..14-

604 439 687 498 Nam
709 450 833 517 propter
855 451 885 498 te
905 440 1024 516 perdidi

603 544 695 604 deum
717 555 747 604 et
768 545 860 604 decus
882 543 1007 605 seculii«

606 649 718 722 Scelus
742 651 826 728 quod
849 670 931 710 nunc
952 650 1069 728 tegitur,

607 773 626 812 a
648 773 697 813 me
719 773 876 831 nunquam
898 755 1068 833 percipitur.

553 885 592 924 πο
608 860 662 919 sed
685 861 753 932 hoe,
777 861 860 938 quod
881 872 979 937 gestat
999 872 1099 921 vtems

608 965 716 1026 ambos
737 966 904 1025 confondet
925 965 1053 1044 penitus.

606 1070 710 1131 Frater
731 1072 880 1130 malorum
903 1071 1042 1132 conscius
1088 1143 1092 1152 Ι

605 1172 751 1251 ingemuit
774 1176 953 1252 quantocius

608 1278 715 1351 sciens,
738 1281 799 1340 hoc
823 1300 855 1340 se
878 1281 1052 1359 contingere

557 1410 594 1450 ³⁵5
608 1395 672 1443 tam
695 1385 780 1462 graui
801 1405 921 1466 pressus
945 1387 1056 1447 scelere

609 1499 639 1548 et
660 1488 721 1548 iam
744 1491 880 1548 merebat
902 1489 1019 1568 anplius

608 1593 800 1653 lacrimarum
821 1594 908 1653 fiuius

609 1710 735 1758 testatur
757 1698 973 1772 vehementior,

609 1804 662 1881 qui
683 1805 760 1863 forte
782 1804 819 1864 sit
843 1804 997 1864 salubrior.

558 1924 596 1974 ,σο
609 1919 668 1967 stat
690 1911 832 1969 confusus
854 1909 951 1980 anxie,

612 2024 643 2072 at
665 2012 716 2090 qui
738 2013 865 2073 timebat
887 2015 1012 2092 perdere

610 2129 641 2178 et
663 2118 713 2178 dei
735 2119 797 2178 viui
818 2119 948 2197 graciam

611 2234 641 2283 et
660 2224 819 2283 hominum
841 2224 981 2284 leticiam.

631 2409 862 2486 Capitulum
884 2422 1044 2471 sextum.

610 2557 861 2721 &Orquebant
879 2656 983 2705 tamen
998 2645 1114 2722 anplius

561 2765 597 2815 3⁶⁵
613 2748 714 2827 ipsum
738 2748 848 2807 sororis
870 2750 999 2828 gemitus

614 2866 644 2915 et
666 2854 730 2915 eius
753 2852 883 2927 miseria,

614 2980 706 3038 quam
727 2957 874 3020 hebitudo
897 2959 1027 3038 propria.

614 3068 679 3139 Illa,
703 3078 736 3125 vt
756 3066 853 3125 fratris
875 3065 1013 3126 lacrimas

617 3171 775 3248 conspexit
797 3182 827 3230 et
849 3171 981 3232 miserias

560 3306 599 3344 ³⁷0
618 3276 688 3335 »Hii
709 3277 826 3348 fietus«,
850 3276 900 3347 ait,
927 3278 1080 3347 »aberunt

614 3381 665 3458 qui
689 3380 778 3439 nobis
800 3378 892 3439 nichil
913 3382 1087 3458 proderunt,

616 3487 670 3545 sed
692 3497 757 3545 esto
780 3484 849 3544 forti
871 3484 972 3545 animo

614 3603 645 3653 et
667 3590 743 3650 virili
765 3591 900 3651 consilio.

615 3697 640 3756 si
662 3716 718 3756 nos
736 3698 794 3756 hec
816 3715 881 3757 sors
903 3709 966 3757 tam
990 3699 1095 3758 misera

563 3831 600 3870 37⁵
615 3820 695 3860 nune
718 3800 852 3877 possidet
872 3802 903 3861 in
924 3803 1034 3874 anima,

615 3905 652 3966 sit
673 3918 776 3967 noster
797 3919 900 3967 tamen
920 3908 1049 3986 gemitus

615 4012 654 4070 ad
669 4012 770 4085 deum,
786 4032 825 4072 ne
840 4024 944 4089 pereat
958 4012 1130 4086 infantulus,

616 4128 649 4176 vt
670 4137 733 4177 non
754 4117 793 4177 sit
814 4118 892 4176 trina

616 4242 671 4299 per
692 4242 747 4282 nos
770 4222 827 4281 hec
849 4222 1036 4281 sectamina
