3025 4725
753 261 963 333 „5⁶-

539 431 579 480 διο
592 420 767 498 acquiescas
790 427 925 500 consilio,

591 535 624 584 ut
646 538 762 590 mutato
786 533 942 611 proposito

589 639 649 691 stes
669 633 790 697 habitus
812 657 869 716 pro
888 640 995 702 allos

650 801 883 881 Capitulum
913 811 1051 900 xvmm·

586 898 864 1075 ssEspondim»
852 1006 944 1067 »meis
967 1009 1072 1092 studijs

585 1119 651 1160 non
672 1104 761 1166 nimis
778 1109 886 1169 vestris
910 1101 1029 1178 monitis

533 1218 571 1268 ⁸45
586 1205 682 1267 uelitis
704 1214 921 1289 contradicere,
936 1221 939 1226 ‘

582 1310 655 1385 quia
677 1316 747 1374 volo
768 1319 935 1393 persistere}

586 1414 617 1473 Si
640 1419 707 1493 plus
730 1417 838 1498 quietis
861 1430 1067 1500 commodum,

581 1539 673 1596 quarn
695 1526 775 1587 fame
797 1530 905 1590 vellem
927 1534 1074 1609 meritum,

581 1625 643 1686 Hic
664 1642 801 1707 poteram
826 1637 1001 1712 consistere,

530 1743 570 1793 aso
583 1730 624 1791 mi
645 1746 741 1812 pater,
765 1739 956 1816 quietissime.

580 1837 658 1897 Sunt
678 1844 762 1914 tales,
788 1823 838 1922 riui
859 1845 1001 1932 inerciam

578 1952 731 2004 sectantur
751 1950 819 2024 plus
840 1971 932 2038 quam
953 1956 1079 2031 gloriam

578 2046 611 2106 hi
632 2061 788 2126 postremo
812 2056 963 2130 deficiunt,

577 2152 651 2212 dum
674 2154 715 2214 nil
734 2158 847 2224 fructus
869 2162 1026 2246 recipiunt

525 2268 563 2318 ass
577 2256 694 2335 Pauper
715 2281 778 2323 non
800 2276 847 2327 est
868 2266 899 2327 in
922 2253 1013 2330 vicio

580 2379 618 2420 ex
640 2377 748 2428 nature
769 2369 890 2441 iudicio

574 2467 636 2526 Sed
658 2471 729 2531 facit
752 2476 841 2536 vane
862 2461 1013 2540 celebrem
1051 2472 1057 2483 “

575 2574 665 2634 rebus
688 2560 783 2638 ditari
799 2562 973 2659 pauperem

574 2678 620 2736 Illi
641 2695 782 2743 crescunt
803 2687 919 2758 diuicie,
1066 2674 1069 2681 ¹

521 2795 560 2837 ato
573 2801 643 2842 cum
666 2787 782 2848 virtutis
805 2778 971 2854 munimine

571 2888 605 2946 fit
626 2890 768 2953 omnibns
790 2897 947 2958 laudabilis

571 2997 723 3070 preclarus
745 3012 776 3059 et
798 2982 957 3097 mirabilis(

570 3099 625 3160 Est
646 3121 747 3163 meum
764 3082 1015 3203 patrimonium

572 3203 665 3265 virtus
688 3218 718 3267 et
739 3213 832 3301 robur
850 3196 970 3280 viritim

518 3321 556 3372 86⁵
570 3310 690 3371 Natura
710 3314 803 3376 decus
817 3296 988 3405 plurimum

570 3424 600 3472 et
620 3434 710 3492 spero
732 3439 797 3479 non
817 3421 848 3481 in
871 3408 1000 3519 uacuum
1074 3428 1079 3437 '

570 3518 643 3580 mihi
666 3542 762 3599 paruo
783 3508 961 3623 prestiterat,

569 3624 644 3683 dum
666 3646 748 3688 nunc
752 3612 896 3693 'fortuna
911 3592 1022 3737 faueat.

567 3730 659 3790 Forte
680 3751 743 3793 non
764 3737 819 3796 erit
839 3716 978 3809 inuida

520 3834 651 3898 870dll1‘ss
673 3857 741 3898 mea
767 3841 857 3902 sentit
872 3846 988 3929 studia.

567 3940 733 4003 elaborabo
756 3956 898 4008 strennue
952 3936 954 3943 Α

568 4046 617 4104 uel
638 4045 763 4109 inuitam
785 4032 972 4132 contingere,

565 4152 604 4210 Et
626 4152 697 4227 quia
719 4173 793 4215 ceca
815 4158 955 4232 creditur,

563 4273 666 4317 errans
688 4259 765 4320 forte
788 4242 972 4323 conuertitur
