3025 4725
770 236 1007 293 -18-<

613 417 675 477 qua
698 409 801 461 mente
820 400 917 463 fideIis
939 403 1053 463 amicus

560 521 599 571 ⁴85
614 503 653 566 sit
674 506 903 585 perquirendus,

610 611 659 671 uel
681 629 742 689 qua
763 610 881 673 ratione
900 609 1061 675 tollendus.

610 717 681 794 Ipse
703 715 785 777 enim
806 717 857 777 din
878 715 1027 794 queritur*

610 821 661 881 vix
681 819 836 882 inuenitur

610 923 730 987 difficile
752 927 959 987 observatur«.

633 1193 636 1200 .
669 1135 903 1216 Capitulum
925 1139 1080 1198 aenum.

775 1299 785 1326 0

556 1377 598 1416 490
615 1259 717 1429 ILli
738 1347 878 1426 pandent
898 1345 1001 1408 abdita

610 1463 639 1514 et
662 1469 749 1513 mens
769 1451 844 1513 mai?
861 1447 985 1513 coneda

609 1557 726 1621 Prodiit
743 1557 783 1619 de
803 1559 950 1618 tenebris‘

615 1664 731 1724 cunetis
754 1663 873 1724 retectis
892 1662 1025 1724 latebris.

610 1769 664 1829 Ille
686 1788 742 1845 per
764 1768 890 1846 suspiria
977 1779 982 1786 ’

556 1900 596 1940 49⁵
609 1873 802 1933 lacrimarum
823 1874 877 1934 dat
897 1873 1008 1952 irrigua

611 1988 641 2040 et
662 1980 776 2039 solatur
796 1977 1012 2057 benignise'ime

610 2091 696 2144 tanto
717 2085 881 2161 depressos
902 2086 1048 2162 pondere,

611 2189 689 2249 sicut
711 2188 878 2248 fidelissimi

611 2291 667 2353 sibi
689 2293 789 2353 solent
810 2291 941 2373 conpati.

556 2426 598 2465 ⁵00
611 2399 662 2461 Sic
683 2416 743 2476 que
766 2398 847 2478 prior
868 2399 983 2461 iuuenis
1013 2426 1017 2433 ·
1053 2404 1055 2411 ’

612 2504 721 2566 seniori
741 2500 867 2567 vocib'u's
887 2505 950 2566 istis

611 2609 734 2687 inquid:
761 2628 860 2670 »nunc
882 2609 1008 2671 consilio

612 2733 738 2792 egemus
760 2712 942 2786 necessario,
1046 2738 1071 2747 ·’

612 2818 665 2880 vbi
690 2838 777 2880 soror
797 2819 923 2897 grauida

562 2951 602 2990 ⁵0⁵
617 2925 664 2985 sui
685 2936 793 3004 partus
811 2936 954 3003 tempoea·
1022 2928 1046 2957 ·'

612 3028 643 3089 in
667 3030 789 3091 secretis
812 3032 940 3109 expleat,

612 3146 646 3196 vt
667 3138 728 3197 hoc
749 3150 901 3215 quemque
922 3139 1021 3196 lateat.

615 3240 646 3300 Si
667 3245 776 3319 placet,
800 3242 872 3301 fiam
895 3240 1013 3318 longius

616 3354 646 3405 et
669 3347 837 3425 elongabor
858 3346 978 3423 penitus
1052 3330 1065 3363 ⁵

562 3478 603 3517 510
617 3462 700 3510 extra
721 3459 801 3510 terre
823 3450 994 3524 terminum,

613 3557 795 3634 quominus
817 3558 851 3616 fit
872 3560 932 3617 ho'c
954 3557 1137 3634 cognitum«

613 3661 671 3722 His
688 3663 819 3723 occurrit
841 3658 956 3723 senior:

618 3767 660 3827 »si
682 3770 792 3845 placet,
816 3765 934 3827 sithoc
956 3768 1064 3827 melior

613 3892 705 3950 quam
728 3875 878 3949 proferam'
901 3872 1097 3943 sentenciam,

564 4005 601 4043 με
615 3988 648 4038 vt
669 3990 769 4038 vestra
790 3980 822 4038 in
845 3976 1001 4055 presencia
1056 3973 1060 3980 ’

616 4082 654 4142 sit
676 4095 845 4143 conuentus
867 4084 1004 4142 omnium

614 4199 678 4248 tam
701 4207 807 4249 senum
831 4206 923 4265 quam
946 4201 976 4248 et
997 4190 1149 4248 iuuenum.
