3025 4725
542 301 583 308 ,
629 284 666 342 9,

383 436 444 497 illic
466 446 555 514 potes
578 435 752 513 plenissime

386 543 467 603 fame
488 540 538 601 siti
558 561 742 605 marcessere
758 565 766 621 3

333 675 369 711 2⁵5
383 648 423 707 ad
445 648 687 724 supplementum
710 648 843 716 validam

383 752 438 812 tibi
459 753 619 812 cathenam
642 753 779 831 ferream,

374 876 475 935 ,quam
497 859 596 917 habeo
618 862 794 937 repositam,

382 960 463 1021 illam
484 961 612 1022 libenter
633 964 793 1043 porrigam.

383 1069 431 1129 De
452 1067 520 1144 ipsa
542 1080 645 1128 tamen
668 1071 784 1132 validas

331 1189 369 1228 260
382 1185 450 1234 tuas
473 1172 681 1251 constringam
708 1177 819 1251 tybias

382 1288 415 1337 vt
437 1277 462 1338 si
483 1298 606 1339 manere
627 1280 738 1356 pigeat,

381 1384 448 1460 ipsa
469 1394 499 1442 te
520 1384 656 1443 vinctum
677 1398 788 1447 teneat.

383 1489 472 1547 Nunc
494 1490 642 1550 collocare
663 1493 785 1562 lectule,

382 1612 547 1670 consurgas
564 1605 599 1653 .et
621 1594 752 1656 diluenlo
819 1633 826 1644 ι

331 1715 368 1762 2⁶5
382 1700 562 1774 quantocius
583 1711 615 1758 et
636 1702 759 1778 propria

385 1814 417 1862 vt
438 1823 557 1863 mecum
579 1803 609 1862 in
632 1805 772 1866 nauicula

383 1911 443 1968 hoc
465 1918 607 1985 stagnum
629 1911 721 1970 maris
743 1923 890 1984 transeas,

383 2015 545 2074 cathenam
567 2027 668 2074 tecum
691 2014 824 2076 deferasl

382 2120 463 2178 Volo
485 2137 541 2195 pro
562 2118 604 2178 tui
625 2118 778 2179 iuuamine

331 2252 370 2288 270
385 2224 425 2282 ad
446 2211 580 2301 lapidem
603 2225 751 2284 diuertere

384 2329 559 2390 altissimum
582 2341 613 2390 et
632 2330 799 2390 maximum

382 2447 501 2495 antrum
523 2437 687 2495 habentem
709 2435 875 2497 horridum.

382 2542 420 2599 Et
442 2540 482 2598 de
504 2542 632 2599 cathena
655 2542 750 2601 ferrea

380 2656 410 2706 te
432 2647 569 2704 clausura
590 2645 761 2706 firmissima

327 2777 364 2815 2⁷⁵
381 2752 596 2829 constringam,
621 2764 655 2812 vt
675 2771 724 2813 me
747 2752 867 2830 penitua

379 2876 441 2917 non
464 2857 609 2935 inquietes
631 2857 788 2935 amplius«
854 2886 863 2909 .-

460 3036 686 3112 Capitulum
713 3039 824 3097 VIIIffl·

378 3116 560 3288 pEnsate
582 3208 657 3266 alter
678 3207 822 3282 cayphas,

379 3311 432 3388 qui
454 3311 528 3371 dum
551 3322 639 3389 parat
660 3310 784 3371 insidias

377 3428 407 3476 et
428 3416 502 3476 dum
524 3416 633 3489 studet,
657 3429 690 3477 vt
711 3427 831 3489 noceat,

325 3536 365 3575 280
379 3520 422 3580 vti
444 3522 551 3580 nolens
574 3522 719 3598 proficiat.

378 3625 460 3685 Huic
481 3625 533 3702 qui
556 3627 661 3685 dolens
684 3624 808 3702 penitet,

377 3749 469 3807 quem
491 3731 531 3789 ad
554 3730 722 3808 profectum
744 3739 906 3807 promonet

376 3839 415 3896 Et
437 3836 510 3895 dum
531 3837 613 3896 solus
635 3835 768 3912 peniteat

378 3941 498 4020 quantis
520 3943 693 4020 exemplum
716 3948 867 4018 preparat.

309 4054 363 4112 '285
378 4047 427 4108 Sic
449 4047 594 4107 christum
617 4048 809 4122 exaltauerat,

375 4172 465 4230 quem
488 4152 544 4213 soli
567 4151 655 4212 morti
677 4151 811 4212 destinat

375 4257 445 4334 quia
468 4258 539 4317 dum
561 4259 643 4318 solus
666 4256 792 4316 moritur
888 4254 892 4261 ’

259 4371 280 4397 v.
298 4356 457 4398 Buchwald.
475 4355 571 4398 Amoldi
581 4356 667 4401 Lubec.
681 4356 812 4406 Gregorius.
903 4345 921 4399 7
