3025 4725
756 201 968 260 ,16-

641 361 872 442 Capitulum
893 377 1085 429 octauum.

598 484 700 654 HD
720 572 805 638 irntss
827 576 921 638 verbs
938 576 1099 642 mdioem

598 675 748 742 dimissius
770 677 822 742 illa
842 678 922 757 oepit
940 681 1032 744 soleri

597 800 660 841 non
681 782 807 844 omnino
829 784 954 846 releuari

545 914 582 951 με
596 889 625 945 Α
647 886 769 968 propria
790 906 861 950 cura

598 1003 734 1054 metuens
756 993 795 1053 de
816 994 903 1054 clade
923 994 1030 1056 futura.

596 1097 756 1174 Approbat
779 1097 940 1160 consilium

598 1201 695 1261 virum
715 1203 866 1264 collaudat
888 1201 1047 1279 prouidum

598 1324 719 1383 rogans,
743 1316 777 1365 vt
796 1305 857 1384 cito
878 1308 989 1380 veniat,

545 1441 583 1477 420
596 1411 668 1489 quia
689 1410 750 1469 iam
773 1411 964 1488 approximat

596 1516 711 1578 instans
732 1517 928 1594 puerperium

595 1640 652 1681 nec
673 1639 736 1681 non
752 1621 862 1682 mortis
880 1620 1057 1698 periculum.

595 1727 646 1786 Ad
665 1725 789 1786 domine
811 1737 916 1787 votum

595 1830 705 1891 seniori
726 1833 760 1891 fit
782 1830 842 1891 cito
864 1842 971 1892 notum

545 1964 583 2001 42⁵
597 1938 715 2013 Vrgens
738 1937 915 1998 mandatum

594 2042 750 2119 fueratque
772 2040 833 2101 cito
854 2052 1058 2119 properatum,

595 2159 628 2206 vt
650 2146 827 2204 mandatum
847 2146 981 2223 perficiat

596 2262 626 2310 et
648 2260 856 2327 preceptorem
878 2250 988 2316 videat.

595 2354 716 2415 Gaudet
735 2353 855 2415 venisse
875 2355 1025 2431 dominus,

543 2491 582 2527 4³0
594 2479 685 2539 quem
708 2461 888 2538 expectabat
907 2461 1024 2535 anxius,

595 2577 625 2626 et
647 2564 731 2625 duxit
751 2564 783 2624 in
805 2565 975 2637 cubiculum

596 2669 680 2748 pacis
700 2669 876 2747 premittens
900 2672 1044 2737 osculum.

594 2774 644 2833 Ad
666 2785 712 2834 est
732 2784 764 2835 et
784 2792 870 2855 soror
892 2774 980 2845 unica

595 2879 702 2940 secreti
724 2881 848 2958 quidem
864 2881 998 2947 conscia.

543 3013 580 3051 css
594 2997 625 3055 et
645 2986 777 3064 iungitur
798 2986 924 3063 consilio
951 3054 953 3059 s

596 3110 653 3151 nec
674 3111 737 3151 non
760 3091 857 3155 fratris
878 3092 1039 3170 colloquio.

594 3196 648 3256 Ille
667 3196 749 3272 prior
770 3197 902 3268 inchoat,

594 3300 645 3377 qui
667 3311 804 3375 nouerat,
826 3300 900 3378 quid
911 3301 1060 3377 proferat,

601 3417 693 3478 »est«,
718 3404 768 3477 ait,
796 3404 1045 3469 >secretissimum

543 3537 582 3573 440
593 3520 694 3569 tecum
714 3509 803 3571 nobis
826 3512 998 3588 negocium,

593 3616 678 3690 quod
699 3626 730 3675 te
751 3614 927 3691 fidelissime⁴

593 3738 656 3778 non
677 3717 849 3780 dubitamus
871 3730 981 3799 tegere.

594 3825 643 3882 Tu
665 3823 759 3901 patris
782 3824 814 3884 in
836 3825 1021 3905 temporibus

593 3926 672 3987 fuisti
694 3929 869 3990 secretarius
897 3976 899 4008 :

542 4059 580 4096 ⁴45
595 4031 742 4107 omnium,
765 4052 824 4112 que
846 4034 936 4097 tacite

594 4138 718 4213 gerebat
741 4141 789 4198 uel
809 4139 998 4212 abscondite,
