3025 4725
580 218 791 293 ..39—

502 382 730 460 Capitulum
755 386 869 444 xvm.

420 489 536 660 filie
557 605 656 655 mater
675 595 871 657 dilectissima

421 700 516 758 uerba
536 710 625 759 erunt
646 700 812 761 nouissima

421 805 469 863 uel
491 802 617 878 monita,
639 822 700 882 que
720 805 841 882 profero

421 906 513 967 nichil
534 906 667 970 dicturus
689 909 730 969 de
750 920 861 980 cetero,

369 1041 407 1079 49⁵
422 1013 476 1073 sed
498 1012 568 1073 totis
589 1015 682 1074 ambo
704 1013 818 1076 viribus

423 1127 453 1177 et
474 1135 555 1176 nunc
577 1115 717 1178 disiuncti
739 1120 857 1197 penitus

420 1220 581 1300 iungamur
600 1222 633 1282 in
654 1223 814 1285 celestibus

420 1325 487 1404 ipso
509 1337 662 1405 prestante
683 1328 814 1406 copiam,

420 1431 472 1511 qui
494 1451 557 1492 non
578 1432 704 1510 negabit
725 1434 858 1510 graciam

370 1565 410 1604 500
422 1537 515 1613 Quod
537 1556 599 1597 non
620 1536 760 1598 disiuncti
783 1539 891 1599 suimus

419 1643 530 1703 modus
551 1660 614 1701 non
636 1653 683 1702 est
703 1640 887 1714 criminrlrus,

422 1746 449 1809 si
469 1747 546 1806 sorte
568 1745 627 1806 deo
649 1746 773 1824 placuit,

420 1849 472 1929 qui
492 1868 573 1910 nunc
595 1851 740 1911 contritos
760 1851 910 1929 inspicit«

421 1958 491 2015 Hec
512 1956 618 2027 verba,
639 1967 673 2015 vt
692 1955 820 2028 finierat,

371 2088 409 2127 ,ος
423 2058 566 2138 preciosis
588 2078 622 2119 se
641 2060 760 2137 spoliat,

421 2164 529 2242 quibus
551 2176 597 2225 est
618 2175 713 2226 tectus
735 2165 869 2226 rentibus

421 2270 576 2332 reindutus
597 2281 628 2330 et
649 2269 767 2330 vilibus.
876 2315 880 2322 ,

418 2379 470 2436 He
491 2377 610 2437 fuerant
631 2375 767 2454 primicie

419 2482 459 2543 de
480 2483 578 2541 fructu
599 2480 790 2558 penitencie..
834 2532 837 2536 .
889 2531 894 2534 ,

277 2672 454 2769 Incipit
479 2667 604 2743 liber
631 2684 828 2786 quartus
851 2668 911 2744 de
936 2669 1093 2767 gestis

565 2796 801 2870 gregorii.

534 2938 761 3018 Capitulum
784 2940 834 3000 1¹¹¹·

395 3022 520 3188 1GT
543 3116 648 3177 relicto
668 3116 790 3194 palacio

419 3224 521 3285 feruor
541 3233 605 3282 erat
626 3222 767 3301 gregorio

420 3340 532 3390 cuncta
553 3327 643 3388 simul
663 3328 832 3405 relinquere
897 3324 905 3389 ς’

420 3443 451 3497 et
473 3445 589 3493 erratur
609 3433 768 3510 eorngere.
911 3488 916 3497 .

395 3538 472 3605 ssic
493 3536 592 3615 crucis
611 3537 716 3597 christi
735 3537 862 3596 baculus
894 3576 899 3583 ι

420 3642 568 3702 mundum
587 3640 739 3717 reliquens
755 3640 891 3719 ‘cupidus

418 3747 512 3835 latum
534 3746 615 3809 viam
637 3746 770 3806 meruit
920 3757 924 3761 ·

421 3864 452 3914 et
472 3851 529 3913 itur
549 3862 647 3912 artum
672 3850 805 3929 arripuit,

421 3957 493 4033 Quo
516 3958 557 4018 ad
579 3958 670 4027 duum
693 3955 850 4034 perueniat

383 4091 409 4119 10
421 4073 452 4123 et
473 4063 543 4134 hoc,
565 4072 599 4123 Vt
620 4060 707 4121 sucus
727 4060 859 4137 impleat-

421 4177 515 4227 strata
536 4166 639 4227 relicta
661 4165 784 4244 publica
