3025 4725
579 359 653 420 dum
675 364 769 424 modo
790 378 918 427 mortem
941 368 1081 447 suscipit!

527 464 608 526 2800
631 479 745 543 quanta
765 470 922 531 demenciu

506 627 510 633 .
580 574 775 636 confunditur
795 575 994 654 consciencia,

577 676 652 737 dum
673 681 746 740 latet
767 679 946 743 intenebris
978 673 981 680 ’

577 789 609 841 et
627 783 761 861 pascitur
782 786 937 848 illecebris.

580 885 711 974 Semper·
728 889 786 951 erit
803 892 928 970 stupida

525 1006 563 1055 ass
576 1001 607 1052 et
628 1011 707 1070 pena
728 1007 843 1058 mortes
863 997 962 1069 anxia,

575 1095 649 1155 dum
670 1097 713 1160 nil
734 1102 889 1178 perhenne
910 1101 1031 1180 cogitat,
1061 1107 1066 1146 ἱ
1098 1127 1107 1182 ς

574 1198 631 1260 nisi
651 1201 735 1278 quod
759 1223 827 1264 eam
850 1207 949 1266 subita
968 1226 1050 1268 mors
1072 1208 1177 1286 rapiat.

572 1306 636 1366 Iste
658 1318 704 1367 est
726 1303 953 1386 quatriduanus¹

573 1409 689 1471 duricia
710 1424 796 1491 petre
815 1416 966 1488 conditus,

521 1532 664 1591 moquem
686 1513 746 1578 iam
769 1539 851 1580 mors
874 1521 1080 1595 absorbuerat,

572 1618 598 1678 si
619 1638 683 1681 non
704 1624 785 1684 hunc
808 1623 935 1686 christus
956 1626 1086 1712 suscitat.

628 1824 856 1902 Capitulum
878 1840 1066 1907 quartum.

569 1968 687 2142 Rhis
708 2043 826 2127 christe¹
844 2064 1076 2132 clementissime

568 2162 609 2222 ad
631 2163 705 2223 tales
727 2165 829 2242 lapsus
847 2170 965 2246 respice

568 2264 624 2326 tibi
648 2266 704 2327 soli
723 2269 870 2345 possibile

516 2397 553 2436 ης
566 2389 644 2449 opus
667 2373 791 2451 maligni
812 2377 947 2440 destrue!

565 2477 637 2537 Nox
658 2479 777 2555 peccati
795 2483 917 2549 conscia

565 2592 677 2657 pereat,
698 2583 772 2646 lucis
794 2588 881 2651 detur
902 2589 1013 2667 gracia.

565 2684 648 2747 dicta
667 2696 770 2750 tamen
792 2680 951 2755 iuuencum
1005 2710 1009 2749 ι

567 2790 601 2848 fit
623 2804 747 2868 repente
770 2796 919 2873 grauida„

512 2919 552 2960 300
564 2912 622 2954 nec
644 2897 777 2961 abstinet
796 2920 815 2960 a
837 2902 953 2964 scelere·

563 3001 618 3061 sed
641 3004 745 3067 studet·
763 3004 836 3067 illud
857 3018 968 3084 tegere.
1043 3038 1062 3077 ρ

562 3104 613 3166 Sic
634 3107 825 3185 frequentant
846 3109 968 3185 vicium,

563 3211 618 3270 sed
641 3231 695 3289 per
716 3224 882 3276 tumentem
906 3227 1024 3301 uterum

561 3312 634 3374 illud
656 3318 729 3377 dum
751 3318 859 3380 timent
879 3298 1018 3399 prodere,

513 3445 551 3484 ³0⁵
566 3418 610 3479 sic
632 3422 700 3498 plus
722 3435 887 3500 grauuntur
900 3425 1000 3485 'anxie

560 3535 591 3584 et
612 3527 758 3601 confundi,
778 3540 924 3603 metuunt,

559 3630 584 3690 si
606 3632 705 3709 plures
727 3635 787 3695 hoc
803 3634 980 3713 intelligunt.

559 3736 631 3795 Hoc
652 3738 765 3800 sactum
787 3726 937 3818 quemque
960 3752 1092 3813 moneat,

561 3849 594 3899 vt
617 3851 710 3902 caute
728 3842 785 3903 sibi
807 3854 922 3931 caueat,

511 3972 550 4010 310
563 3964 602 4006 ne
623 3945 661 4009 Sit
682 3947 771 4021 nimis
793 3950 899 4013 Sedulo

562 4049 594 4110 in
616 4052 726 4113 sororis
748 4054 896 4126 cubiculo,

558 4166 592 4216 vt
614 4176 678 4218 uon
700 4157 882 4235 sit'·0ccasi0
