3025 4725
740 312 780 319 ,
827 298 866 354 94

618 455 652 503 vt
673 457 797 505 reuocet
819 445 978 505 erronium·

618 560 649 609 et
671 562 812 627 procuret
834 549 1011 627 hospicium.

620 760 851 837 Capitulum
880 760 1068 838 quintum.

620 881 851 1046 &Reganus
875 980 908 1028 vt
929 969 1025 1045 rediit,

619 1092 728 1133 cenam
750 1083 888 1150 paratam
909 1075 1040 1152 repperit

569 1206 605 1244 1⁵5
620 1177 780 1255 piscatoris
802 1178 941 1255 hospicio

619 1281 670 1342 ilia
692 1302 747 1360 pro
769 1281 927 1354 beneficio,
975 1317 978 1324 ι

621 1389 705 1463 quod
728 1386 834 1448 melius
854 1389 1011 1459 habuerat,

621 1491 768 1570 indigenti
790 1494 940 1552 obtulerat

622 1597 672 1673 pie
694 1597 784 1656 solari
805 1597 939 1675 cupiens,

572 1716 609 1756 1⁶0
621 1719 712 1778 quem
735 1704 870 1763 turbarat
890 1699 1044 1778 insipiam,

621 1807 685 1878 sed,
708 1807 760 1884 qui
782 1806 866 1868 omni
886 1806 918 1865 in
938 1804 1064 1865 domino

623 1912 761 1970 feruebat
783 1910 944 1981 desiderio,

622 2017 724 2077 oblata
747 2017 804 2077 sibi
824 2015 947 2092 respuit,

623 2141 734 2197 panem
757 2133 788 2182 et
809 2138 922 2197 aquam
944 2120 1069 2196 appetit.

572 2241 608 2290 1⁶5
623 2228 700 2299 Hec,
722 2239 756 2286 ut
778 2244 908 2287 vesanus
931 2224 1078 2301 conspicit

623 2332 744 2410 hospes,
766 2349 881 2393 rursum
904 2328 1056 2389 infremuit

624 2435 794 2512 ypocritam
815 2445 845 2497 et
867 2434 1013 2507 nominat,

624 2558 686 2599 non
709 2540 910 2601 abstinentem
933 2551 1062 2616 reputat,

624 2645 677 2722 qui
696 2655 759 2703 tam
782 2647 895 2704 decora
917 2644 993 2704 facie

574 2778 614 2814 170
627 2751 708 2807 nulia
731 2760 865 2825 torperet
886 2749 990 2809 macie.
1043 2784 1051 2833 3

625 2854 674 2913 Sic
695 2852 854 2929 inquiens:
881 2870 948 2914 arne
970 2848 1125 2928 miserum,

625 2959 708 3035 quod
731 2956 823 3017 video
845 2959 927 3018 hunc
948 2958 1074 3036 impium

624 3062 776 3124 intuentes
798 3064 843 3124 sic
863 3062 974 3137 saliere,

625 3186 695 3228 cunr
718 3189 782 3229 non
803 3170 899 3247 possit
916 3168 1045 3230 ’illudere

576 3303 611 3340 1⁷⁵
626 3293 674 3332 me
697 3274 748 3350 qui
770 3275 844 3333 tales
867 3274 1071 3351 cognouerim,

627 3395 755 3453 quorum
779 3388 861 3437 astus
883 3377 1056 3438 didioerimt

626 3485 697 3542 Hoc
719 3494 772 3541 tua
793 3482 1008 3559 prodit'facies

626 3598 657 3646 et
678 3588 835 3648 oculorum
859 3588 943 3649 acies

626 3695 657 3750 et
679 3692 767 3752 simui
789 3711 867 3770 gene
888 3710 983 3765 rosee,

577 3813 615 3852 180
628 3796 738 3869 lacerti,
762 3814 870 3875 manus
889 3798 994 3871 nitide,

627 3905 711 3981 quod
733 3915 852 3965 attentis
875 3907 937 3962 tarn
959 3903 1086 3963 modicis

627 4029 690 4069 non
710 4009 809 4070 vixisti
831 4007 959 4068 cibariis.

628 4113 716 4175 Panis
739 4126 769 4175 et
791 4132 871 4192 aqua
891 4114 1007 4172 validas

627 4230 695 4280 tuas
716 4239 779 4280 non
802 4215 879 4280 fouit
900 4219 1009 4299 tybias,
