3025 4725
781 215 968 270 „6-

545 380 631 441 simul
653 400 759 442 omnes
780 379 960 459 ingemuere.

545 486 620 546 Inde
643 496 748 547 tenens
770 484 882 547 nitidas
925 511 928 520 ¹

506 607 531 655 ss
544 592 597 651 tali
619 611 688 652 cum
711 590 824 651 famine
845 593 978 669 palmas:

548 700 632 758 »Hos
656 715 732 773 quos
754 694 903 775 consigno

547 800 671 863 servetis
694 801 797 862 sedere
818 799 948 880 digno'h

545 908 595 967 Ad
615 905 731 967 domini
750 909 844 967 verba

546 1013 681 1073 turbatur
702 1010 824 1085 familia,

508 1147 533 1183 70
546 1128 579 1176 Vt
601 1117 677 1176 solet
697 1114 761 1176 fieri

545 1222 575 1281 in
598 1223 725 1282 decessu
746 1220 809 1281 cari
831 1222 956 1282 domini.

545 1328 613 1387 Hos
634 1324 711 1387 inter
732 1336 832 1386 motus

546 1442 631 1509 pater
651 1431 684 1491 in
705 1431 833 1509 suspiria
852 1443 932 1492 totus

547 1538 718 1597 Conuersus
740 1535 864 1597 iuuenes

509 1670 532 1708 75
547 1641 642 1702 cernit
664 1640 772 1701 misere
793 1641 996 1702 lacrimantes

547 1745 608 1822 Qui
627 1746 670 1807 sic
691 1745 851 1823 alloquitur
871 1745 985 1806 filiurn:-
1007 1746 1089 1806 >noli
1110 1746 1223 1807 turbari

437 1935 440 1938 ι
546 1851 606 1910 iam
627 1850 754 1929 incipies
776 1851 973 1930 magnificari.
1172 1857 1175 1864 ’

548 1956 661 2029 Gloria,
685 1956 803 2030 diuicie,

548 2061 651 2121 famuli
672 2061 726 2121 tibi
747 2064 858 2123 dantur
879 2064 1046 2140 honorque,

509 2184 534 2223 ao
548 2166 655 2227 Castra
677 2166 765 2227 simul
786 2178 880 2245 grata,

547 2290 605 2332 nec
627 2290 689 2331 non
711 2270 863 2350 possessio
884 2273 955 2331 lata.

548 2376 698 2453 Quicum
721 2389 836 2438 certum
858 2379 990 2437 habeam
1010 2376 1071 2436 iam
1093 2378 1182 2451 mori,

548 2485 614 2560 plus
638 2482 729 2545 timeo
750 2495 802 2544 tue
824 2481 929 2552 sorori,

548 2591 675 2667 Propter
696 2589 860 2650 femineum
882 2598 1018 2647 tenerum

510 2711 534 2757 ss
548 2693 684 2771 fragilem
707 2712 829 2772 quoque
851 2710 964 2763 sexum,

548 2797 605 2859 Cui
627 2798 719 2859 decor
741 2809 787 2858 est
807 2799 905 2858 forme

551 2902 708 2981 sepissime
729 2920 822 2963 causa
844 2901 937 2973 ruine,

549 3005 610 3069 Sed
632 3009 722 3069 doleo
743 3010 879 3081 multum,

550 3114 633 3191 quod
654 3110 746 3171 nichil
768 3120 814 3170 est
836 3108 1054 3187 dispensatum,

510 3247 537 3284 oo
550 3217 716 3292 Quomodo
738 3213 880 3275 subsistat

551 3321 602 3400 qui
624 3320 684 3380 iam
707 3319 798 3380 instat
819 3317 928 3379 nubilis
951 3329 1044 3378 etas«

551 3429 590 3487 Et
612 3425 760 3502 stringens
781 3442 892 3484 manus
914 3424 1071 3484 amborum
1161 3428 1170 3469 ἵ
1194 3432 1198 3509 ζ

551 3531 594 3593 sic
613 3531 655 3592 ait
677 3529 717 3589 ad
737 3527 849 3587 lilium:

553 3636 615 3696 »Mi
637 3653 708 3696 care
728 3631 771 3692 fili

511 3770 536 3809 95
551 3740 622 3801 audi
643 3737 814 3800 doctrinam
835 3738 928 3815 patris
951 3739 1004 3812 tui,

551 3847 612 3922 Qui
634 3862 693 3922 que
711 3861 875 3920 supprema

551 3949 652 4009 dicere
674 3950 768 4009 verba
789 3950 869 4009 volo.

550 4056 624 4115 Esto
646 4053 752 4127 fidelis,
777 4051 944 4113 elaciouem
964 4069 1083 4121 caueas,

552 4158 750 4220 humilitatem
773 4157 922 4228 attendas,

1108 3831 1138 3849 b-
