3025 4725
231 1219 450 1388 pAruimus
467 1304 607 1390 princeps
621 1283 808 1381 quamquam
827 1305 901 1366 haut
922 1307 1089 1388 tolleranda
1110 1304 1243 1369 iubebas.

170 1414 235 1471 Nec
252 1429 359 1489 parum
376 1410 519 1470 miramur
536 1429 606 1469 cum
624 1410 733 1483 multos
756 1408 839 1485 apud
854 1429 910 1470 vos
932 1412 1068 1472 habeatis
1089 1411 1244 1484 litteratos,

168 1517 264 1576 eciam
287 1517 319 1576 in
342 1516 469 1577 ecclesia
490 1515 573 1576 beati
595 1513 759 1585 michaelis,
782 1515 865 1590 quod
882 1534 960 1594 opus
974 1527 1037 1577 tam
1053 1516 1243 1577 nominatum

168 1620 308 1699 paruitati
337 1630 439 1681 nostre
468 1620 622 1697 iniungere
654 1618 822 1702 voluistis„
839 1621 925 1694 quod
955 1640 1019 1680 non
1052 1620 1118 1681 sine
1152 1622 1245 1680 multa

168 1723 369 1785 meditacione
384 1726 433 1784 uel
449 1723 545 1784 eciam
560 1722 668 1799 vigiliJ’s
683 1723 830 1784 adfinem
847 1742 952 1805 mque,
976 1745 1032 1802 pro
1047 1737 1080 1785 vt
1094 1724 1245 1804 potuimus
1272 1770 1276 1780 .

168 1829 279 1889 christo
301 1830 423 1890 fauente
448 1827 658 1905 produximus.
704 1827 766 1887 Sed
788 1827 879 1887 credo
901 1831 985 1905 quod
1007 1831 1047 1890 ad
1068 1830 1245 1893 memoriam

169 1934 256 1995 vobis
279 1934 442 1994 occurrerit
462 1932 533 2008 quia
556 1931 595 1990 ab
616 1931 683 2007 ipsa
702 1931 835 2007 puericia
850 1934 907 1992 sub
922 1934 1042 1995 dicione
1057 1935 1246 1996 memorandi

168 2037 260 2117 patris
306 2036 397 2097 vestri
437 2035 550 2096 henrici
583 2035 668 2095 ducis
700 2035 795 2098 incliti
825 2037 856 2097 in
888 2039 1068 2100 brunesuich
1101 2042 1246 2101 educatus

168 2144 292 2213 fuerim,
330 2141 414 2201 ciuus
451 2142 577 2219 gloriam
614 2140 746 2230 vidimus
783 2151 813 2201 et
846 2141 909 2203 eius
943 2144 1066 2206 virtutes
1100 2156 1184 2223 gesta
1216 2156 1246 2209 et

168 2249 287 2329 pietatis
316 2266 409 2325 opera
438 2257 468 2306 et
493 2246 611 2307 felicem
641 2256 675 2305 vt
705 2265 861 2324 speramus
890 2248 1047 2309 decessum
1078 2249 1109 2310 in
1141 2261 1245 2311 nostro

169 2356 316 2433 opusculo
331 2353 400 2413 stilo
416 2350 561 2412 mediocri
580 2333 769 2413 couteximus
787 2351 858 2431 quia
880 2367 1000 2415 montes
1019 2354 1129 2417 excelsi
1149 2356 1245 2418 ceruis

168 2472 254 2539 petra
276 2478 349 2519 vero
371 2457 519 2535 refugium
541 2458 710 2534 hermacijs.
748 2459 908 2521 Credimus
924 2459 1013 2538 igitur
1034 2479 1095 2539 quo
1119 2462 1158 2521 de
1172 2473 1245 2522 uoto

169 2577 199 2626 et
226 2557 332 2624 humili
361 2581 437 2640 opus
466 2565 527 2623 hoc
555 2563 693 2640 ignotum
724 2575 755 2623 et
784 2566 910 2624 arduum
939 2565 1084 2644 explinari
1112 2565 1246 2627 voluistis

168 2670 275 2745 utqui
296 2668 327 2728 in
349 2669 460 2729 talibus
482 2667 635 2729 exercitati
657 2688 720 2729 non
742 2669 852 2729 suimus
880 2671 919 2730 ad
948 2671 1075 2731 aliorum
1101 2671 1245 2732 noticiam

169 2776 220 2835 tali
242 2772 390 2834 exercicio
413 2773 632 2835 deueniremus.
670 2776 794 2834 Placeat
815 2775 905 2852 igitur
926 2775 1105 2837 exereitacio
1128 2778 1247 2854 placeat

168 2891 199 2940 et
219 2879 317 2951 lectio,
340 2897 409 2956 que,
432 2880 506 2939 dum
527 2899 546 2936 a
567 2879 701 2954 pluribus
724 2879 876 2957 repetitur,
899 2878 1033 2957 ipsorum
1057 2882 1248 2941 oracionibus

169 2984 256 3045 nobis
285 2993 401 3055 crescat
428 2983 568 3044 meritum
596 2994 626 3043 et
654 2984 734 3061 ipsio
764 2984 860 3044 tocius
893 2985 1009 3044 virtutis
1040 2996 1244 3064 augmentum.

169 3088 285 3149 Amenl
616 3084 619 3088 ’
