3025 4725
737 310 947 379 ..84-

578 492 647 534 cunr
671 475 784 551 pariter
805 476 963 537 offenderit

578 598 628 640 me
651 592 681 639 et
702 589 732 648 te
754 581 984 657 contristauerit.

580 685 641 746 Sed
664 687 703 746 de
725 704 794 747 mea
816 686 958 765 prosapia

527 817 564 854 ³25
578 788 633 849 tibi
655 799 783 863 constat,
807 811 860 867 my
882 789 1016 862 domina,

578 894 661 972 quod
683 903 895 972 magnatorum
918 897 1066 972 sanguiue

578 998 634 1057 sim
658 1009 739 1064 ortus
761 999 986 1076 preclarissime,

577 1122 648 1162 nam
671 1103 710 1163 de
732 1105 810 1163 duce
831 1122 898 1164 sum
920 1106 1046 1183 genitus,

579 1207 630 1285 qui
652 1208 749 1266 suerat
771 1207 917 1286 ingenuus

527 1342 565 1378 330
578 1315 617 1373 Et
637 1311 694 1371 hec
717 1311 799 1371 dicta
822 1312 982 1387 sufficiant,

497 1438 499 1440 ¹
578 1434 637 1494 que
659 1416 720 1476 iam
743 1435 799 1477 vos
821 1419 909 1494 plene
932 1418 1087 1491 instruant,

578 1540 637 1600 que
660 1520 772 1598 placuit
794 1540 988 1600 cognoscere,

579 1628 621 1687 nil
642 1629 720 1687 vltra
742 1628 814 1687 volo
836 1625 972 1687 dicerel‹
999 1619 1002 1622 ’

660 1836 889 1914 Capitulum
918 1838 1028 1895 xmm·

581 1957 683 2127 HD
705 2047 764 2108 hcc
785 2046 943 2126 respondit
964 2046 1105 2108 domina:

529 2178 565 2215 aas
585 2152 704 2225 acredo,
726 2152 809 2229 quod
831 2152 890 2213 sint
911 2152 1020 2212 ficticia

582 2257 639 2315 hec
660 2257 764 2328 verba,
788 2274 848 2331 que
869 2257 1026 2334 proponis,

579 2378 650 2419 curn
670 2370 769 2420 ortum
792 2356 883 2423 vestri
902 2350 1046 2439 ’germinis

580 2475 753 2542 suspectum
775 2463 863 2529 nimis
885 2468 1016 2529 habeam

580 2578 704 2647 propter
726 2571 818 2631 fidem
841 2583 904 2632 tam
928 2571 1058 2647 dubiam,

528 2702 567 2738 340
579 2674 727 2752 responsi,
750 2677 834 2752 quod
856 2695 937 2736 nunc
960 2672 1067 2753 audii,

579 2797 661 2837 nunc
681 2778 770 2854 igitur
793 2798 847 2839 vos
870 2772 1006 2863 obsecre,

579 2892 612 2940 vt
633 2871 691 2942 hiis
714 2885 883 2961 perspectis
902 2884 1018 2958 tabulis,

579 2987 661 3063 quod
684 2998 729 3048 est
751 3009 933 3076 expressum.
948 2989 1052 3050 litteris

580 3089 654 3152 mihi
674 3085 778 3155 velitis
793 3084 952 3173 pandere,

528 3222 565 3261 aas
582 3198 626 3256 sic
648 3208 754 3274 potero
778 3184 971 3277 cognoscere,
1048 3268 1051 3271 ,

579 3303 663 3379 quod
685 3301 826 3380 perquiro
848 3315 911 3363 tam
934 3296 1034 3375 anxia,

580 3405 603 3464 si
627 3424 682 3489 vos
705 3406 853 3483 contingit
874 3402 932 3467 hec
953 3408 1050 3469 littera

580 3529 656 3579 sum¹
671 3509 766 3583 vobis,
790 3513 871 3570 velut
893 3504 1029 3585 arbitror,
1046 3492 1060 3595 J

581 3608 675 3675 mater
696 3627 727 3675 et
747 3616 880 3676 coniunx
901 3608 978 3695 proh
1000 3615 1122 3679 dolori«

661 3826 888 3904 Capitulum
906 3818 1019 3887 'XIIIL

527 4062 565 4099 3⁵0
579 3946 680 4116 HT
703 4054 783 4095 nunc
804 4045 949 4121 peccator
971 4034 1092 4113 paciens

579 4140 639 4200 iarn
661 4140 790 4199 fructum
813 4134 873 4199 vite
892 4136 1008 4215 faciens

581 4242 677 4320 qualis
699 4255 764 4304 erat
785 4242 972 4322 perpendite,
