3025 4725
562 228 794 291 ..κῆ-.-

451 383 651 457 εῌηυεηίεεο
672 386 832 463 gaudeant.

450 490 501 549 Sic
522 491 562 550 ad
584 500 731 551 montana
753 490 885 569 dirigunt

449 594 506 654 iter
527 606 557 654 et
579 593 669 655 man's
692 607 835 674 satagunt

397 726 436 766 330
448 700 549 760 littora
569 698 747 778 perspicere,

449 815 566 864 utnon
589 803 734 865 desistant
755 823 889 881 querere.

508 988 738 1069 Capitulum
760 992 842 1051 XVI.

389 1299 393 1310 ,
449 1122 518 1294 p
521 1227 579 1287 Ost
600 1230 736 1303 laborem
759 1227 918 1287 diuttinum

449 1354 538 1412 quem
561 1333 707 1393 sustinent
730 1353 785 1411 per
806 1333 938 1416 triduum

441 1452 517 1517 ,post
537 1421 661 1500 lustrata
682 1435 865 1516 campestria

395 1574 432 1614 535
447 1555 608 1606 occurrunt
627 1553 715 1622 grata
737 1561 871 1614 nemora,

446 1670 506 1729 que
527 1650 600 1712 dum
622 1651 748 1708 lustrant
770 1649 897 1720 diucius,

445 1757 608 1816 efferrebat
628 1773 660 1813 se
682 1754 781 1813 aditus

445 1861 580 1920 occultus
601 1869 631 1918 et
653 1859 841 1937 gramineus,

443 1963 537 2024 vianti
559 1965 637 2023 male
660 1964 789 2042 peruius.

393 2097 432 2136 5⁴0
444 2068 544 2129 Letati
566 2079 636 2129 suut
658 2069 698 2129 de
719 2068 837 2143 semita,

443 2192 503 2251 que
524 2175 671 2251 pergebat
691 2192 746 2251 per
767 2157 862 2231 inuia*

441 2278 472 2337 in
487 2289 604 2340 terram
626 2278 698 2339 satis
710 2277 874 2352 'horridam

443 2395 473 2445 et
493 2385 523 2444 in
544 2387 714 2466 longinquo
734 2385 866 2463 positam

442 2490 600 2567 piscatoris
622 2492 662 2551 ad
684 2491 830 2559 cellulam,

392 2622 430 2660 ⁵45
443 2596 524 2655 vnde
546 2595 606 2655 iam
629 2613 719 2671 supra
742 2595 887 2664 dixeram,

443 2698 494 2776 qui
517 2710 623 2760 sancto
647 2701 696 2759 dei
719 2686 840 2760 seruulu
876 2694 879 2701 ’

441 2806 532 2866 durus
545 2817 620 2866 erat
641 2806 791 2884 gregorio,

440 2923 509 2986 post
531 2912 624 2970 verba
645 2909 826 2970 contumelie

440 3015 519 3073 ferro
541 3015 684 3075 claudens
705 3014 737 3073 in
758 3012 866 3091 lapide.

388 3145 427 3184 ⁵⁵0
440 3119 500 3178 Sed
522 3130 593 3196 post
613 3119 727 3178 laboris
749 3117 878 3179 tedium‘

396 3257 398 3260 ⁴
439 3234 603 3285 sementes
618 3223 823 3285 habitaculum

440 3328 501 3387 iam
523 3329 653 3389 instante
676 3346 801 3406 vespere
906 3336 910 3367 ⁷

439 3431 482 3492 ibi
503 3434 637 3517 gaudent
658 3433 820 3511 quiescere.
856 3486 861 3491 .
898 3486 912 3492 ⁴.

437 3548 605 3609 sementes,
628 3537 711 3614 quod
733 3535 865 3605 vlterius,

388 3668 426 3708 sss
439 3660 502 3701 non
524 3641 561 3700 sit
582 3642 714 3702 eundum
737 3639 876 3716 amplius:
908 3650 913 3661 '

439 3749 588 3806 Intrantes
610 3758 710 3806 autem
734 3745 880 3805 rusticus¹

439 3862 610 3929 susceperat
632 3849 776 3912 deuucius
805 3866 809 3875 ·

438 3968 469 4016 et
488 3957 573 4017 omni
592 3954 746 4035 diligentia
810 3980 816 3993 ·

437 4062 574 4123 subiecta
595 4063 701 4140 prebet
723 4062 826 4120 munia
909 4084 913 4087 ·

387 4182 426 4233 ³⁶0
439 4179 468 4227 et
490 4178 616 4228 terretur
638 4168 781 4244 aspicere,
