3025 4725
744 262 954 332 ..43-

626 428 766 502 Nutricis,
789 447 848 506 que
870 447 920 489 me

624 534 783 594 vobiscum
804 552 868 593 non
888 532 957 593 sinit
978 553 1055 607 esse,

625 641 738 700 Dioens
761 638 956 717 fluetiuagum

625 759 682 804 nec
705 744 787 803 claro
809 753 935 805 stemate
957 743 1071 818 natum',

572 870 609 918 ⁵⁶⁵
624 851 690 909 Nec
713 865 817 908 curam
839 849 932 927 patris
966 849 969 858 ’

626 956 757 1016 habeam
780 971 838 1015 nec
859 954 969 1031 gaudia
990 953 1103 1017 matris.

623 1062 691 1120 Hec
715 1070 779 1119 tam
800 1061 947 1136 probrosa

623 1164 698 1224 mihi
720 1166 793 1225 dum
816 1166 892 1223 fiunt
910 1183 1049 1235 onerosa,

623 1271 694 1330 Non
717 1280 824 1346 potero
847 1281 935 1343 stare,

570 1408 608 1446 ⁵70
621 1376 675 1435 sed
698 1385 800 1434 vestra
821 1391 898 1451 pace
920 1394 1020 1436 meare

622 1482 673 1540 Ad
692 1481 760 1539 loca
782 1498 845 1539 non
866 1490 940 1548 nota

621 1586 674 1645 tali
696 1586 767 1645 volo
790 1595 874 1663 peste
896 1565 1021 1644 remota.

626 1692 706 1750 Nam
729 1689 777 1750 cui
799 1692 928 1750 verbosa

626 1795 733 1856 mulier
752 1815 816 1855 non
837 1806 884 1856 est
907 1795 1023 1868 odiosa,

567 1932 604 1970 ⁵⁷⁵
627 1902 695 1977 Que
717 1900 847 1960 rixando
869 1901 940 1960 furit

629 2018 659 2065 et
681 2015 798 2066 mentes
820 2004 921 2065 litibus
944 2006 1010 2080 vrit,

620 2113 659 2171 Et
680 2110 770 2170 nimis
791 2121 837 2170 est
858 2110 962 2187 peririx

618 2214 717 2276 verbis
740 2205 774 2275 vr
796 2215 915 2293 garrula
937 2218 1064 2278 cornix?

617 2324 707 2382 Nunc
729 2331 848 2399 patrum
872 2321 1075 2393 amantissime

569 2448 607 2495 580
621 2430 737 2504 absque
748 2412 861 2490 ¹vestro
884 2418 1059 2515 g'rauamine

617 2536 680 2607 fiat,
703 2520 788 2610 quod
810 2534 880 2592 volo
902 2552 1027 2610 pergere

622 2639 678 2698 sub
701 2635 815 2696 domini
835 2635 989 2714 regimine,

614 2724 686 2819 que
698 2760 747 2802 me
768 2736 888 2801 fortuna
910 2742 1026 2804 duxerit

622 2858 652 2907 et
673 2848 747 2906 deus
771 2848 869 2923 opem'
883 2847 1008 2909 dederit.

565 2972 602 3019 58⁵
616 2955 664 3013 De
686 2942 759 3012 data
781 2970 870 3028 spero
892 2938 1001 3041 gracia,

616 3059 699 3137 quod
722 3077 784 3118 non
805 3058 908 3134 priuer
930 3057 1042 3119 inercia

617 3176 647 3224 et
667 3164 729 3223 vtili
747 3160 876 3231 'consilio

614 3280 644 3328 et
666 3266 776 3328 salubri
797 3266 928 3353 ingenio.

614 3375 669 3432 Est
691 3371 766 3431 mihi
785 3373 1036 3461 virtus3eorporis

566 3507 604 3544 590
617 3478 760 3538 facundia
780 3489 842 3537 tam
865 3479 998 3552 celebris,

617 3603 676 3661 que
700 3582 725 3644 si
748 3584 823 3644 deus
846 3576 1017 3671 seruauerit,

614 3688 701 3747 stabo
722 3706 776 3764 per
798 3690 865 3762 hec,
888 3706 947 3776 que
969 3688 1102 3756 contulit.

614 3794 694 3852 Nolo
717 3795 800 3871 quod
823 3795 904 3853 fama
925 3794 1056 3871 pessima

617 3898 660 3957 sic
682 3910 821 3959 conterar
840 3919 858 3958 a
880 3899 993 3958 femina

561 4032 598 4071 ⁵9⁵
617 4005 671 4064 sed
695 4005 782 4065 vobis
802 4020 853 4065 ero
875 3990 993 4082 langius

616 4109 785 4170 valedicam
808 4122 838 4170 et
860 4108 1032 4170 fratribusir
