3025 4725
709 240 944 280 -120—

562 381 624 460 egri
646 397 792 447 sanantur
813 390 940 465 plurimi,

497 514 546 552 104⁵
561 486 694 562 Quidam
716 502 860 553 contactu
882 515 1036 572 manuum,

559 591 600 670 hij
621 595 744 671 pedum,
768 596 809 657 illi
830 600 959 661 vestium

558 707 589 759 et
610 710 676 759 erat
696 711 779 761 cetus
802 706 939 768 omnium

556 812 586 863 te
609 805 699 865 deum
723 809 947 874 colladantimn.

610 1015 841 1094 Capitulum
868 1023 1035 1083 xxvnlm·

554 1137 660 1305 Slc
682 1228 722 1289 de
742 1240 829 1294 tanto
851 1233 995 1312 pontifice

490 1358 540 1394 1050
554 1340 584 1391 et
607 1331 743 1394 virtutum
769 1337 881 1414 opifice

553 1454 680 1496 romana
701 1442 815 1500 exultat
837 1444 969 1505 maxima

552 1540 592 1601 de
613 1560 668 1620 spe
689 1545 857 1621 gaudentes
879 1568 942 1609 non
964 1552 1064 1625 dubia,

553 1646 638 1722 quod
660 1646 828 1710 animarum
852 1654 987 1715 medicus

553 1748 591 1809 sit
612 1752 701 1812 datus
721 1757 942 1831 celeberrimus,

489 1880 538 1917 1055
552 1855 603 1931 qui
626 1855 748 1919 virtutes
772 1863 909 1937 perficiat

549 1970 579 2018 et
602 1960 683 2021 viam
705 1963 755 2026 dei
777 1967 897 2041 doceat,

547 2075 581 2124 ut
602 2064 633 2126 in
655 2086 817 2145 commune
838 2072 974 2133 omnium

546 2170 599 2229 fiat
621 2174 700 2232 salus
718 2175 866 2238 fidelium.

612 2383 845 2461 Capitulum
874 2389 1010 2448 xxutm·

543 2505 785 2673 SVblimatus
807 2598 962 2676 gregorius

480 2713 530 2752 1060
543 2697 600 2775 pijs
621 2700 762 2761 studebat
784 2702 918 2763 motibus

541 2800 573 2860 in
594 2804 666 2863 sede
686 2805 853 2881 apostolica

541 2905 685 2966 virtutum
706 2909 821 2975 docens
844 2908 984 2970 mlmina.
1016 2894 1017 2897 Ἴ
1060 2982 1062 2987 ,

544 3009 623 3071 mitis
645 3024 709 3073 erat
731 3014 922 3093 paupcsibus,

545 3120 629 3195 quod
651 3120 796 3179 conuenit
815 3120 1004 3183 sublimibus.

483 3224 657 3288 10⁶5,Terror
679 3236 743 3285 erat
765 3223 907 3286 diuitibus

545 3326 577 3386 in
598 3328 746 3389 thesauris
767 3329 969 3407 sperantibus.

544 3431 585 3491 Et
606 3445 769 3509 peccantes
791 3435 935 3513 piacipue

544 3537 643 3614 equali
665 3540 874 3600 moderamime

542 3644 701 3718 tractabat,
723 3663 765 3705 ne
783 3646 930 3736 senextus
954 3694 957 3701 ,

480 3775 530 3810 1070
543 3747 672 3825 frangat,
694 3751 779 3824 quod
801 3752 914 3811 mulcet
933 3749 1040 3828 pietas.

546 3850 595 3911 sic
616 3853 708 3913 lacius
729 3853 860 3916 innotuit
935 3884 938 3891 ⁴

543 3967 582 4029 et,
606 3968 639 4017 vt
661 3959 780 4036 lampas
800 3958 931 4030 emicuit,
1016 3988 1020 3995 ·

543 4059 640 4120 Huius
662 4063 800 4122 doctrina
822 4063 958 4136 celebris,
1044 4117 1049 4122 .

543 4183 602 4243 que
622 4167 701 4227 salus
723 4178 788 4228 erat
801 4169 960 4247 languidis
