3025 4725
568 241 802 281 -121—

357 419 407 458 κως
421 392 488 451 Nec
510 390 604 452 defuit
625 390 791 452 subsidium

418 496 612 573 querentibus
633 496 779 556 solacium

420 612 459 674 et,
481 618 559 678 quos
581 600 718 661 doctrina
739 602 864 671 instruit,

417 724 525 766 manus
547 716 688 783 porrecta
707 706 810 779 reficit,

417 828 457 870 ne
478 809 509 869 in
529 809 580 870 via
602 810 751 884 deficiant,

352 932 403 972 1080
424 916 476 990 qui
496 916 534 975 de
556 916 723 993 longinquo
745 928 900 988 venerant,

420 1039 499 1096 quos
521 1021 634 1098 pabulo
656 1022 780 1081 reficere

420 1136 450 1185 et
472 1123 608 1214 corporis
629 1135 660 1185 et
680 1125 780 1185 anime

343 1237 350 1248 ‘
370 1261 373 1266 ·
420 1229 470 1288 hic
491 1229 633 1289 studebat
653 1249 707 1307 per
729 1228 831 1289 omnia

423 1352 569 1412 spargens
587 1333 694 1407 ¹salutis
717 1333 840 1394 monita.

508 1542 738 1622 Capitulum
767 1545 861 1602 XXX.

354 1772 404 1820 1085
422 1667 583 1836 (DAter
605 1773 681 1814 vxor
702 1765 734 1815 et
754 1754 846 1814 amita
953 1796 954 1800 ,

423 1857 556 1937 persona
576 1868 642 1918 erat
663 1858 761 1930 vnica,

420 1972 455 2020 vt
476 1962 590 2022 dictum
610 1973 656 2022 est
676 1960 820 2040 superius,

418 2068 473 2127 sed
494 2068 555 2126 hoc
577 2084 659 2144 papa
678 2066 832 2144 gregorius

417 2173 578 2250 deplorans
600 2169 811 2232 deuotissimus

360 2303 411 2343 1090
423 2296 485 2337 non
508 2277 649 2355 sperabat
668 2274 790 2335 vlterius

423 2385 504 2442 hanc
525 2383 666 2454 visuram,
689 2381 744 2441 sed
766 2375 889 2441 omnia.

419 2488 492 2548 dum
514 2488 597 2547 sarna
617 2486 813 2547 celeberrima

413 2595 503 2653 velox
524 2594 592 2652 loca
612 2603 809 2670 percurreret,

415 2709 529 2774 quanta
550 2699 679 2758 deuotus
702 2679 815 2758 faceret

356 2829 406 2869 1095
419 2803 470 2863 hic
493 2822 575 2882 papa
597 2801 810 2880 penitentibus,
893 2826 897 2835 ·

417 2907 533 2978 audiuit
552 2909 613 2965 hoc
634 2906 793 2966 ardencius

420 3020 515 3070 mater
536 3009 567 3068 in
590 3010 760 3086 equitanea,

423 3133 483 3192 que
505 3131 560 3173 sua
581 3114 698 3191 plangit
717 3112 853 3172 crimina.

417 3220 484 3280 Nec
506 3219 664 3278 differebat
683 3234 815 3296 propere

358 3352 409 3381 1100
421 3324 521 3402 ipsum
543 3325 656 3385 deuote
676 3341 802 3400 querere

422 3448 547 3508 sperans
571 3431 610 3488 dc
631 3428 833 3507 indulgencia,

419 3551 512 3610 quarn
534 3535 624 3610 culpa
645 3533 766 3592 mordet
785 3531 885 3592 noxia.

420 3639 581 3698 Accedens
602 3656 675 3714 ergo
697 3638 810 3716 pauida

418 3753 448 3802 et
472 3742 675 3819 procumbens
696 3742 727 3803 in
751 3762 850 3820 genua

355 3875 405 3914 ωε
422 3844 518 3906 audiri
540 3863 607 3906 sese
629 3848 771 3922 postulat,

422 3963 462 4024 ut,
486 3967 545 4027 que
565 3951 702 4012 latebant
721 3953 862 4030 proferat.

418 4059 500 4116 Dum
523 4054 655 4133 queritur
676 4056 839 4127 confessio,

418 4162 459 4220 nil
482 4161 594 4240 cogitat
618 4162 656 4223 de
678 4160 750 4232 filio,
