3025 4725
749 230 957 288 ..3⁶-

589 393 714 467 quando
735 414 753 453 a
776 414 849 457 cusu
872 401 1048 475 cognouitur

589 496 741 558 absolonis
763 500 909 576 interitus,

587 600 638 677 qui
661 602 706 661 vir
728 614 792 664 erat
813 608 1040 686 pulcherrimus,

536 733 575 770 ³90
587 716 620 765 ut
641 717 766 768 testatur
787 710 920 772 veridica

587 830 690 887 regum
712 811 803 873 nobis
824 814 966 892 hystoria,

588 916 638 992 qui
660 915 778 977 domini
798 917 913 981 iudicio

585 1021 697 1098 interijt
718 1025 908 1100 suspendio„
997 1071 1001 1080 »

586 1123 667 1200 Quid
687 1123 750 1186 istis
771 1145 864 1205 quam
886 1151 968 1194 mors
991 1138 1117 1213 dulcius,

534 1254 571 1292 sos
587 1228 612 1288 si
635 1229 806 1292 immineret
827 1235 944 1311 gladius

585 1337 794 1412 persequentis
817 1340 918 1401 officio

490 1467 494 1474 ·
585 1452 730 1500 necerat
752 1443 929 1520 desperacio

584 1544 638 1603 sed
661 1546 799 1606 cordium
822 1548 976 1611 contricio.

586 1649 683 1707 Dolor
704 1661 840 1711 mentem
863 1672 1057 1733 oppresserat

543 1780 569 1806 ω
584 1763 615 1811 et
637 1771 761 1813 carnem
782 1758 967 1823 tabefecerat
1015 1789 1021 1800 Α

583 1857 626 1916 sic
647 1855 705 1918 illis
727 1870 793 1920 erat
814 1865 943 1939 gemitus

582 1962 684 2021 carnis
704 1966 832 2042 languor
854 1980 884 2030 et
906 1971 1033 2049 spiritus.

581 2066 635 2125 sed
659 2067 817 2130 miserator
839 2074 986 2149 dominus,

581 2170 631 2249 qui
653 2183 699 2231 est
720 2173 838 2236 afflictis
861 2181 1002 2243 omuibus
1025 2231 1028 2236 ,

530 2303 567 2340 40⁵
582 2295 705 2353 presens
726 2278 759 2337 in
780 2280 1033 2362 tribulacionibus,
1067 2325 1074 2361 ς

583 2392 628 2441 est
650 2384 757 2442 horum
780 2396 880 2446 motus
901 2389 1021 2452 fletibus
1089 2391 1114 2429 ’-

579 2497 609 2547 et
632 2489 728 2549 sactus
750 2501 796 2550 est
817 2491 988 2569 presidium,

581 2610 657 2668 quos
681 2594 797 2670 fugerat
815 2597 977 2658 consilium,

580 2697 662 2771 quod
685 2699 798 2759 iecerat
819 2701 931 2761 obliuio

527 2829 567 2863 410
580 2811 610 2858 et
632 2800 750 2861 sceleris
772 2805 942 2880 oppressio„

662 3010 890 3087 Capitulum
915 3019 1025 3078 XVIm·

578 3131 695 3300 SEd
717 3222 795 3284 inter
816 3224 1022 3291 istadomina
1095 3259 1098 3263 ²

576 3323 683 3399 inquid
704 3344 822 3389 merore
840 3331 985 3405 grauida:
1084 3346 1088 3353 ⁴

583 3446 649 3486 nme
672 3429 822 3502 miseram,
845 3431 918 3509 quid
942 3439 1067 3516 faciam,

578 3544 610 3592 vt
633 3532 824 3594 maledictum
845 3537 995 3615 damiam,

524 3656 637 3715 415quo
660 3657 710 3698 me
727 3651 890 3716 granatam
912 3646 1011 3708 video.
1058 3702 1061 3707 .

575 3745 732 3820 perpendo
754 3744 826 3807 salis
847 3749 958 3824 animo,

577 3849 660 3924 quod
682 3868 752 3908 cum
774 3853 875 3913 carnis
896 3854 1043 3919 illecebris

577 3955 676 4014 multis
699 3955 805 4032 spretis
827 3957 941 4036 delicijs

576 4059 786 4121 renunciantes
809 4065 910 4124 seculo

523 4194 562 4230 420
576 4165 699 4224 student
721 4168 841 4243 placere
864 4168 989 4229 domino
