3025 4725
540 249 749 323 ..65-

381 418 480 476 feruor
502 415 645 476 remansit
667 415 769 475 anime

382 533 411 583 et
433 520 506 581 dum
527 521 642 581 laudari
660 522 778 599 appetit

381 644 435 703 pre
456 626 561 688 ceteris
583 645 616 686 se
638 624 745 705 ingerit

318 759 366 796 11⁵5
381 742 565 792 ostentatum
586 730 704 805 milicie,

381 848 414 897 vt
433 836 571 896 laudetur
592 835 760 914 magnifice.
812 842 817 847 ’

381 943 447 1002 Nec
468 939 562 1002 defuit
581 941 703 1002 occasio

381 1049 437 1109 sub
459 1045 510 1108 tali
532 1045 687 1119 exercicio,

380 1172 449 1212 cum
472 1152 591 1213 adesset
613 1151 773 1212 continuus

318 1274 368 1312 ,ιω
379 1257 438 1316 illic
460 1256 578 1320 hostilis
601 1275 725 1331 cuneus,

381 1374 411 1423 et
432 1372 552 1440 poterat
573 1360 683 1422 cotidie

381 1468 473 1546 signis
496 1468 539 1527 vti
559 1466 677 1528 milicie.

380 1572 443 1632 illic
466 1575 629 1650 palestrant
647 1572 772 1651 equites

379 1676 429 1736 hic
450 1679 692 1764 contendebrant
713 1676 841 1755 pedites.

319 1783 541 1860 1165Vt1'0biqlle
561 1761 718 1861 gregorius
820 1779 823 1786 ’
877 1779 880 1788 ’

379 1887 513 1949 immane
534 1888 631 1949 laudis
652 1887 778 1967 cupidus
881 1963 885 1970 1

380 1991 493 2070 primus
516 2005 580 2054 erat
599 1993 786 2055 certancium

380 2096 478 2158 laudis
500 2099 661 2159 obtentans
680 2097 830 2159 brauium.
895 2103 898 2104 ⁷

380 2202 567 2263 Exercitatus
582 2195 697 2264 'talibus
807 2279 813 2288 „

222 2386 224 2391 ⁴
318 2336 369 2373 1170
384 2308 555 2395 precunctis
573 2293 789 2389 fit'precipuus

380 2432 435 2474 vsu
456 2415 525 2475 trite
547 2414 655 2476 mssicie
901 2404 904 2411 ¹

381 2531 411 2580 et
431 2519 525 2597 gladii
547 2529 577 2579 et
598 2520 704 2582 lancee

381 2627 491 2687 Terror
513 2625 641 2687 existens
662 2623 794 2685 hostium

378 2731 506 2810 abipso
529 2730 745 2792 diuertencium

317 2861 366 2899 1175
379 2836 413 2895 fit
435 2836 549 2913 primus
571 2835 840 2919 persequencium'.
871 2908 875 2911 Α

380 2939 562 3001 nouissimus
584 2940 776 3018 fugiencium.

454 3108 838 3204 capitu'lnmxxvrm·
882 3130 886 3137 '
934 3150 939 3156 ·

380 3259 481 3429 HT
504 3363 660 3443 singularis
684 3363 811 3442 perstitit

380 3470 458 3529 ferus
481 3479 511 3528 et
533 3479 657 3537 cunctos
679 3469 797 3549 impetit
884 3488 940 3551 [st

379 3575 450 3647 dux,
472 3572 524 3650 qui
545 3552 655 3659 terrum
678 3573 866 3661 destrurrerat
906 3564 915 3569 ’

316 3695 367 3734 1180
382 3689 502 3754 optans,
525 3689 558 3738 vt
580 3686 710 3737 castrum
734 3678 881 3742 destruat.

379 3784 430 3844 Ad
453 3793 571 3860 portam
593 3801 624 3869 se
647 3781 770 3843 cottidie

381 3890 467 3949 offert
489 3905 545 3948 vsu
567 3884 676 3948 milicie
841 3880 843 3885 ’

379 3996 459 4054 solus
482 4012 551 4054 cum
574 3995 639 4065 solo
661 3993 765 4053 ludere

379 4098 521 4178 singulari
541 4097 713 4159 certamine.

317 4224 366 4270 uss
381 4206 561 4282 Quicunque
582 4224 615 4265 se
638 4205 796 4276 obtulerat,

265 4328 288 4355 v.
298 4312 461 4356 Buchwald.
480 4314 575 4357 Amoldi
585 4313 672 4356 Lubec·
686 4310 816 4363 Gregorius.
905 4311 922 4368 5
