3025 4725
546 276 756 334 ...17-

384 430 414 480 et
436 433 469 482 vt
489 423 717 488 decommum

383 536 468 587 tuum
490 532 589 591 stabat
611 533 778 596 consilium.
851 551 866 596 ‘f
900 602 905 614 ι

382 632 470 704 Puto,
492 638 575 711 quod
596 653 660 697 non
684 638 724 699 sis
746 628 917 724 immernor,

329 762 369 799 4⁵0
381 740 466 815 quod
483 738 661 802 ,tuef‘noster
682 745 802 822 genitor
830 767 834 772 ‘

381 862 452 904 cure
472 865 528 905 nos
551 850 808 925 conmendaueriu
821 873 830 892 ³

382 965 450 1006 curn
472 946 533 1007 iarn
556 949 707 1027 spiramen
730 956 894 1021 reddidits

380 1053 449 1111 Hec
470 1057 648 1116 nunctiant
668 1060 812 1122 fiduciam
847 1065 852 1070 ’

380 1167 480 1216 tecum
502 1159 732 1223 secretissimam
879 1243 882 1249 Ι

328 1286 365 1323 455
380 1279 503 1323 causam
523 1275 654 1326 ¹tractare
673 1268 809 1376 infimam
842 1281 856 1310 ’-
892 1314 897 1324 ·

378 1378 409 1425 et
431 1368 518 1428 nobis
538 1371 613 1432 sans
638 1379 825 1456 stupidam.“
870 1385 876 1416 ³

378 1472 447 1532 Hec
468 1486 501 1534 vt
520 1481 613 1540 verba
633 1484 751 1558 finiunt,

375 1574 406 1635 in
427 1589 535 1640 terram
557 1584 644 1645 simul
664 1607 810 1653 corruunt
852 1619 882 1626 ¹*

376 1681 439 1743 eius
461 1677 705 1768 voluti·'pedibus

322 1800 361 1847 460
373 1792 541 1851 exorabant
562 1797 726 1872 subnixius,

374 1891 436 1952 eius
458 1895 514 1955 frui
537 1901 650 1962 sosacio

373 2008 404 2057 et
424 1997 521 2060 iuuari
543 2007 701 2068 consilius
730 2021 733 2030 ¹

374 2103 416 2161 At
437 2103 486 2165 ille
508 2128 581 2169 mox
603 2114 767 2191 obstupuit,

374 2211 458 2282 quod
480 2213 598 2276 viderat
618 2220 760 2282 exorruit·

322 2323 359 2374 4⁶5
374 2322 404 2372 et
423 2315 591 2382 lacrimosa
604 2323 681 2385 facie

373 2432 499 2497 rogata
524 2435 603 2486 terra
624 2448 754 2508 surgere.

376 2524 476 2599 »Quid
498 2541 573 2604 est«,
597 2533 648 2604 ait,
676 2555 752 2612 »que
776 2538 894 2601 facitis?

372 2647 464 2704 quare
486 2653 536 2694 me
556 2637 601 2697 sic
623 2640 826 2703 confunditis?
888 2665 891 2669 ’

369 2752 439 2794 cum
462 2738 535 2798 mihi
557 2741 827 2823 sit-certissimum,

317 2861 356 2898 470
369 2851 502 2903 vestrum
526 2864 579 2908 me
594 2854 660 2911 esse
682 2855 841 2914 seruolum.
875 2878 878 2881 ·

368 2941 400 3001 Si
424 2948 498 3022 quid
519 2951 560 3010 de
579 2970 630 3013 me
652 2957 822 3033 presumitis

368 3057 398 3105 et
420 3063 568 3114 secretum
592 3062 750 3136 exponitis,

369 3154 499 3216 studebo
521 3160 717 3224 deuotissime

366 3257 453 3318 vobis
476 3267 606 3341 supplex
626 3286 792 3332 succurere.

315 3384 352 3422 475
366 3362 421 3422 Est
443 3365 559 3428 domini
581 3372 739 3436 consilium

365 3466 477 3541 pariter
495 3482 528 3532 et
548 3476 701 3554 auxilium,

363 3572 497 3647 quinon
519 3584 648 3657 negabit
663 3586 808 3661 graciam,
860 3582 863 3585 ⁵

363 3678 416 3752 qui
436 3681 532 3743 donat
554 3687 669 3747 homini
691 3689 865 3755 scienciam.

361 3783 454 3845 Nunc
476 3793 634 3866 exponatis
916 3794 917 3797 ¹

308 3900 347 3946 480
362 3905 466 3950 casum
487 3894 579 3956 nichil
602 3911 631 3959 et
653 3902 793 3964 metuatis

360 3992 397 4053 sit
419 4000 507 4058 vobis
530 4015 655 4079 certum,

357 4103 441 4174 quod
463 4124 525 4165 non
545 4108 691 4185 prodatur
709 4125 855 4191 apertum.
894 4104 902 4115 ’

356 4203 468 4268 Penset
488 4229 570 4272 nunc
592 4214 719 4290 animus,

242 4315 263 4342 v.
276 4300 435 4355 Buchwald.
453 4319 546 4362 Arnoldi
555 4322 638 4366 Lubec.
653 4324 782 4378 Gregorius.
885 4334 902 4370 2
