3025 4725
486 1530 638 1609 Incipit
659 1531 759 1591 liber
780 1531 958 1610 primus„
981 1532 1206 1610 Capitulum
1227 1535 1278 1591 1¹¹¹·

424 1762 433 1787 1
449 1651 555 1817 Gst
570 1739 653 1817 regio
668 1742 810 1819 quedam,
823 1740 974 1819 equitania
988 1742 1079 1816 dicta,
1094 1761 1187 1819 quam
1202 1760 1286 1802 mare
1301 1742 1377 1802 aluit

448 1844 610 1922 multisque
631 1845 875 1923 nauigationibus
897 1865 1063 1924 congruum
1085 1858 1205 1925 portum
1228 1846 1307 1920 lecit,

449 1969 541 2026 quam
563 1962 687 2028 propter
707 1962 785 2012 terte
806 1950 970 2012 beneficia*

449 2055 676 2132 negociatorum
699 2057 869 2135 frequentat
891 2057 988 2136 copia.

424 2161 517 2225 sHec
538 2160 645 2221 habuit
667 2161 835 2234 dominum,

449 2265 582 2324 moribus
606 2277 745 2325 ornatum

449 2382 479 2430 et
501 2370 658 2431 virtutibus
681 2373 916 2451 magnificatum,

450 2475 499 2536 dei
521 2477 668 2537 cultorem

449 2592 479 2641 et
500 2580 599 2641 omnis
620 2580 735 2642 iusticie
757 2596 934 2644 amatorem.
964 2631 969 2635 .

411 2716 436 2742 10
449 2687 514 2747 Nec
536 2685 634 2745 minus
657 2686 771 2763 regina,

449 2790 611 2850 constricta
632 2792 699 2867 lege
721 2792 835 2865 diuina,
887 2814 890 2819 ·

449 2896 542 2955 decor
563 2906 627 2955 erat
648 2894 744 2973 patrie

448 3018 566 3062 summe
587 3000 704 3060 virtutis
727 3001 759 3060 in
779 3013 853 3074 arte,
905 3030 908 3037 ·

447 3110 546 3184 legem
569 3108 757 3184 conjugalem

412 3240 434 3277 1⁵
449 3230 573 3271 servans
594 3222 626 3271 et
647 3211 743 3271 vitam
763 3211 932 3271 socialem„

448 3315 499 3394 Hij
522 3334 591 3374 eum
612 3314 721 3392 diuitijs
742 3317 891 3392 pollerent

449 3433 479 3481 et
500 3421 543 3482 eis
566 3436 712 3497 prospera
734 3430 842 3478 cuncta
863 3419 1008 3490 fenerent,

450 3526 517 3584 Hos
541 3524 616 3584 deus
635 3524 779 3585 exaltauit
842 3548 845 3555 ¹

450 3640 480 3689 et
501 3631 606 3691 sobole
628 3629 834 3708 magnificauit

380 3722 383 3728 ²
411 3765 436 3790 20
449 3737 560 3794 Forma
582 3733 720 3795 miranda

449 3839 541 3899 filium
565 3841 641 3899 dans
665 3859 734 3899 cum
757 3839 816 3899 filia

450 3944 548 4023 Regni
569 3946 704 4005 heredes.

449 4052 661 4127 congaudebat
683 4050 771 4111 simul
792 4066 896 4108 omnes

450 4157 617 4233 MagnateS,
642 4155 760 4230 milites,

411 4289 434 4324 25
448 4261 545 4320 tocius
568 4261 651 4339 regni
671 4260 789 4339 plurimi
811 4260 923 4338 plebes.
945 4338 946 4341 Ἴ
