3025 4725
521 276 560 284 -
606 246 708 301 XXIII
753 279 795 288 -

208 416 263 474 Ich
293 417 370 492 gebe
399 415 459 474 den
488 415 571 473 Text
597 415 675 473 nach
704 415 787 477 dem,
812 412 1024 474 Grimmschen
1054 413 1200 473 Abdruck

123 521 189 580 hier
210 509 327 581 wieder.
373 520 431 580 Die
453 518 653 580 Handschrift
673 519 711 579 ist
732 522 824 590 alter,
854 520 927 578 aber
947 518 995 578 ich
1019 521 1126 596 glaube
1149 518 1199 578 die

123 646 234 687 neuere
256 626 385 687 Version
403 625 442 684 ist
463 625 636 685 bedentend
656 627 774 685 besser:

418 732 467 791 Sic
489 734 557 790 loca
578 730 792 790 venustissima

419 837 521 896 Caede
543 835 674 897 vastavit
693 837 835 896 maxima.

418 943 499 1001 Urbs
520 943 601 1000 nulla
623 942 727 1013 fuerat,

422 1046 523 1121 Quam
546 1047 661 1106 bellans
684 1066 747 1106 non
770 1054 950 1117 vastaverat,

418 1148 491 1211 Una
512 1161 630 1212 tantum
653 1161 848 1224 remanserat,

419 1259 507 1333 Quae
529 1256 699 1334 principalis
722 1261 835 1317 fuerat:

421 1365 507 1438 Quae
530 1365 595 1422 sola
616 1364 667 1423 vix
690 1362 866 1423 subsisteret

418 1468 448 1528 Si
470 1487 535 1527 non
557 1478 654 1527 totam
678 1479 850 1546 protegeret

420 1574 482 1649 Qui
503 1575 583 1632 solus
606 1573 682 1650 regit
705 1572 809 1632 omnia

419 1683 476 1739 Per
498 1680 666 1738 seculorum
690 1681 801 1741 secula.

419 1786 461 1844 Ut
484 1784 685 1861 procedamus

424 1892 515 1949 Nunc
536 1889 582 1949 his
604 1892 696 1952 finem
718 1890 881 1962 faciamus;

420 1998 523 2055 Mente
547 1996 747 2067 attendamus,

421 2101 471 2160 Sic
492 2100 531 2159 ad
552 2119 680 2177 puerum
702 2102 872 2162 redeamus.

420 2207 501 2282 Ergo
524 2224 578 2281 per
600 2206 712 2280 omnia,

422 2312 503 2369 Dum
527 2309 634 2372 transit
655 2321 762 2389 stagna
784 2308 911 2382 marina,

368 2450 371 2455 ·
418 2419 472 2476 Est
493 2428 698 2490 conservatum

420 2525 462 2583 Ut
484 2531 548 2582 erat
567 2522 661 2599 Jonas
683 2523 878 2600 quarduanus

418 2631 454 2686 In
477 2627 536 2688 ceti
556 2638 660 2688 ventre

416 2734 512 2793 Sensu
533 2732 633 2810 typice
656 2734 820 2794 famulante

421 3153 509 3227 Quae
529 3162 600 3230 post
622 3154 695 3213 fient
717 3153 877 3213 manifesta

419 3261 499 3318 Nam
521 3259 653 3318 defertur
673 3256 835 3317 infantulus

419 3365 623 3424 Conservatus
646 3361 789 3424 divinitus

420 3469 499 3528 Cum
521 3468 642 3546 propria
664 3467 812 3538 navicula,

419 3576 476 3633 Per
497 3575 614 3634 marina
633 3574 768 3651 pericula

417 3681 610 3757 veneratque
632 3681 672 3741 ad
690 3680 818 3740 insulam

424 3787 512 3861 Quae
535 3786 712 3847 contiuebat
730 3786 879 3857 cellulam,

418 3893 520 3967 Quam
542 3891 603 3952 vite
624 3891 804 3952 venerabilis

419 3998 497 4057 Cum
522 3996 628 4058 multis
646 3994 701 4057 sibi
722 3995 850 4057 subditis

419 4102 478 4162 Piis
502 4113 624 4164 ornatus
646 4102 782 4161 moribus
904 4106 906 4111 ’

417 4208 523 4268 Abbas
547 4207 622 4269 rexit
643 4205 807 4285 Gregorius
