3025 4725
721 193 952 273 -118ss—

570 383 621 442 ubi
643 394 722 442 esset
743 382 885 461 reposita.

575 487 657 546 >Illic
677 506 745 547 eam
769 506 941 564 posueram,

569 591 621 651 ubi
642 602 734 652 nocte
754 591 907 654 iacueram

572 698 652 757 solus
674 697 706 755 in
729 697 879 769 cubicula,

518 819 557 866 980
571 803 655 877 quod
675 802 771 862 modo
791 820 943 878 mrsquam
966 802 1086 863 videos

570 908 620 965 Ad
643 908 700 967 hec
722 906 857 983 piscator
877 905 991 967 retulit:

574 1011 664 1071 »illud
686 1012 873 1072 destructum
894 1010 991 1088 pedjt,

573 1136 655 1176 nune
675 1115 810 1176 densitas
832 1126 879 1176 est
901 1115 1054 1193 veprium,

570 1221 621 1281 ubi
642 1232 708 1282 erat
727 1220 908 1282 cubiculum.
954 1277 959 1284 .

519 1344 557 1392 9⁸⁵
576 1327 635 1387 Sed
658 1328 830 1387 laboremus
852 1343 986 1402 quesere,

574 1431 598 1491 si
618 1432 761 1510 dignetur
781 1430 946 1492 ostendere

575 1537 648 1597 deus
670 1537 768 1609 nobis,
788 1535 872 1613 quod
894 1534 1056 1612 querimus,

574 1652 606 1701 ut
628 1643 708 1700 hunc
729 1640 889 1701 laudemus
912 1638 1050 1717 amplius.

575 1747 729 1822 Ceperuut
751 1763 826 1822 erge
847 1745 962 1818 fodere,

523 1849 676 1927 ssospinas
699 1867 807 1926 vepres
830 1852 973 1928 repellere

574 1964 604 2013 et
626 1966 672 2014 est
693 1965 896 2016 monstratum
918 1954 1038 2026 celitus.

573 2061 656 2136 quod
677 2061 844 2137 querebant
864 2059 988 2122 diutius.

574 2167 655 2224 Nam
678 2177 749 2230 sunt
770 2165 892 2228 inuenta
914 2166 1016 2226 tabule

574 2270 690 2331 intacte
707 2281 737 2330 et
759 2282 822 2332 tarn
845 2269 1004 2348 splenrh'de

520 2403 558 2443 995
574 2396 611 2435 ac
633 2376 657 2435 si
679 2376 805 2439 fuissent
826 2377 932 2439 subito·

576 2494 660 2558 rapte
683 2482 724 2541 de
744 2482 870 2543 nureo.
907 2531 910 2537 .

574 2587 729 2646 Laudatur
748 2606 825 2665 ergo
842 2584 986 2649 :dominus

574 2710 592 2749 a
614 2691 674 2749 suis
696 2690 904 2761 dilectoribus„

573 2795 625 2871 qui
647 2812 680 2853 se
705 2794 846 2855 timentes
867 2793 1006 2870 protegit.

510 2930 561 2956 1000
576 2916 608 2959 se
630 2897 789 2976 diligentes
809 2898 914 2977 diligis

656 3123 890 3200 Capitulum·
908 3124 1019 3181 XXVI.

576 3255 696 3422 EUx
717 3343 771 3402 ubi
794 3343 890 3420 surgit
910 3352 1029 3420 postera

575 3460 666 3523 cepta
687 3458 816 3525 pergunt
835 3447 943 3508 itirrera

578 3551 656 3611 serui
678 3550 727 3612 dei
750 3570 820 3611 curn
842 3552 953 3632 gaudio

576 3655 660 3716 omni
680 3658 832 3719 feruentes
855 3658 953 3719 studio

513 3762 641 3826 1005Vi1'0
664 3762 714 3824 dei
737 3762 883 3824 solacium
903 3748 907 3752 “

577 3870 702 3944 prebere
723 3866 934 3928 necessarium.

577 3972 642 4032 Nec
664 3973 762 4033 minus
786 3971 890 4033 christi
911 3971 1006 4050 pietas

576 4095 622 4136 res
645 4090 735 4156 auget
756 4077 939 4137 necessarias
985 4148 988 4153 Ι
1050 4081 1052 4085 ’

578 4191 608 4240 et
631 4180 800 4258 diriguntur
821 4198 966 4259 prospere
