3025 4725
713 289 946 328 -112—

565 442 680 502 tonsori
701 442 794 519 longo
818 454 963 516 tempore,

515 576 553 612 πο
566 558 598 607 ut
619 547 774 623 quondam
797 544 892 605 sueuit
913 545 1021 604 facere.

566 654 671 711 Homo
695 652 798 711 sordet
819 649 956 721 exterior,

567 767 728 817 renouatur
749 754 872 815 interior

567 882 620 940 per
642 862 706 922 dies
729 860 778 921 dei
800 860 911 939 gracia,

566 986 620 1045 per
641 985 733 1043 quem
755 977 925 1043 prestantur
940 963 1059 1024 merita.

516 1103 553 1140 775
569 1072 666 1132 Pedes
687 1090 796 1130 manus
817 1082 848 1131 et
869 1070 951 1148 tybie

567 1189 652 1238 tanta
674 1177 853 1253 squalebant
875 1175 981 1247 macie,

568 1294 601 1342 ut
623 1281 736 1342 nemini
756 1280 929 1340 videncium

568 1407 630 1447 non
653 1389 764 1446 faceret
787 1385 972 1444 miraculum.

567 1491 650 1567 Quid
672 1492 773 1551 dicam
798 1490 884 1550 robis
905 1489 1054 1566 amplius?

513 1615 552 1663 780
567 1599 647 1656 solus
671 1597 793 1656 viuebat
815 1594 941 1673 spiritus.

653 1807 1013 1896 Capitulum-XXI&

568 1915 726 2085 patres
748 2018 884 2079 videntes
906 2019 977 2078 talia
1053 1995 1057 2004 ι

569 2124 618 2185 dei
640 2124 765 2185 laudant
787 2125 947 2203 magnalia,

567 2231 650 2306 quod
671 2249 819 2313 pauperes
842 2242 872 2289 et
892 2230 1000 2307 inopes
1068 2275 1071 2282 f

570 2334 630 2395 sint
652 2315 800 2395 seculares
823 2333 940 2406 diuites,

516 2456 552 2504 ⁷⁸⁵
566 2442 648 2517 quod
671 2443 786 2499 nullum
806 2440 883 2500 desit
905 2439 1101 2499 commodum
1185 2459 1195 2527 '.

571 2545 760 2622 sperantibus
782 2544 813 2604 in
835 2545 1002 2606 dominum.

568 2651 654 2724 Quos
677 2651 725 2710 dei
748 2650 924 2724 delectaci0,

570 2757 642 2816 dum
664 2760 754 2835 pleno
778 2761 873 2835 replet
891 2754 1003 2833 gaudio

568 2861 659 2921 nichil
682 2864 788 2922 deesse
811 2861 931 2939 patitur,

413 3013 415 3015 »
515 2993 554 3029 rso
568 2967 675 3042 quibus
697 2967 796 3027 minor
817 2966 944 3027 efficitur

500 3076 502 3081 '
568 3074 697 3133 muudus
721 3084 810 3142 totus,
833 3091 924 3149 quem
946 3080 1112 3141 transeunt,

568 3178 643 3238 dum
666 3178 850 3254 sempiterna
872 3186 1027 3254 appetunt.
1118 3185 1121 3190 ’

568 3283 651 3342 Talis
673 3293 702 3342 et
724 3281 780 3343 iste
802 3284 907 3354 fuerat,

568 3385 676 3461 quiea
699 3388 803 3462 plenus
826 3386 923 3445 fuerat

517 3517 553 3553 795
568 3492 657 3549 beata
680 3489 876 3567 plenitudine,
895 3532 897 3538 -

569 3597 607 3654 de
629 3615 688 3672 qua
711 3614 817 3654 omnes
839 3594 976 3671 accipere

568 3700 719 3776 possimus
739 3700 887 3760 beneficia

511 3863 513 3867 ,
569 3817 599 3886 el
619 3806 750 3883 graciam
766 3797 830 3884 'pro
857 3801 965 3882 gracia.

567 3913 627 3971 Iste
650 3902 778 3989 quidem
794 3907 967 3969 facundiam

517 4031 555 4069 800
569 4027 598 4074 et
620 4016 764 4094 scripture
788 3999 962 4085 scienciamj

570 4142 661 4199 quam
684 4122 714 4180 in
735 4121 851 4180 mundo
874 4128 1032 4194 acceperat

567 4236 624 4286 nec
647 4227 719 4287 dum
743 4225 852 4285 oblitus
876 4225 981 4297 luerat,
